@article{xFitterWorkshop,
   author = {Ali Al Kadhim},
   journal = {https://indico.ijclab.in2p3.fr/event/7847/contributions/25471/attachments/18431/24586/xFitter_Workshop2022_Alkadhim2_.pdf},
   title = {Extracting the xFitter Likelihood},
   url = {https://indico.ijclab.in2p3.fr/event/7847/contributions/25471/attachments/18431/24586/xFitter_Workshop2022_Alkadhim2_.pdf},
}
@web_page{L1DPG,
   author = {Laurent Thomas},
   title = {L1 prefiring in run 315705},
}
@web_page{Nick_Smith,
   author = {Nick Smith},
   title = {Status and plans for ECAL endcap prefiring studies},
}
@article{towards_jetography,
   abstract = {As the LHC prepares to start taking data, this review is intended to provide a QCD theorist's understanding and views on jet finding at hadron colliders, including recent developments. My hope is that it will serve both as a primer for the newcomer to jets and as a quick reference for those with some experience of the subject. It is devoted to the questions of how one defines jets, how jets relate to partons, and to the emerging subject of how best to use jets at the LHC.},
   author = {Gavin P. Salam},
   doi = {10.1140/epjc/s10052-010-1314-6},
   month = {6},
   title = {Towards Jetography},
   url = {http://arxiv.org/abs/0906.1833 http://dx.doi.org/10.1140/epjc/s10052-010-1314-6},
   year = {2009},
}
@article{,
   author = {Ali Al Kadhim},
   title = {UL 2018 Prefiring},
}
@web_page{UL2017,
   author = {Ali Al Kadhim},
   title = {UL 2017 Prefiring Maps},
}
@article{,
   abstract = {We investigate the impact of the high precision ATLAS and CMS 7 TeV measurements of inclusive jet production on the MMHT global PDF analysis at next-to-next-to-leading order (NNLO). This is made possible by the recent completion of the long-term project to calculate the NNLO corrections to the hard cross section. We find that a good description of the ATLAS data is not possible with the default treatment of experimental systematic errors, and propose a simplified solution that retains the dominant physical information of the data. We then investigate the fit quality and the impact on the gluon PDF central value and uncertainty when the ATLAS and CMS data are included in a MMHT fit. We consider both common choices for the factorization and renormalization scale, namely the inclusive jet transverse momentum, p⊥, and the leading jet p⊥, as well as the different jet radii for which the ATLAS and CMS data are made available. We find that the impact of these data on the gluon is relatively insensitive to these inputs, in particular the scale choice, while the inclusion of NNLO corrections tends to improve the data description somewhat and has a qualitatively similar though not identical impact on the gluon in comparison to NLO.},
   author = {L. A. Harland-Lang and A. D. Martin and R. S. Thorne},
   doi = {10.1140/epjc/s10052-018-5710-7},
   issn = {14346052},
   issue = {3},
   journal = {European Physical Journal C},
   month = {3},
   publisher = {Springer New York LLC},
   title = {The impact of LHC jet data on the MMHT PDF fit at NNLO},
   volume = {78},
   year = {2018},
}
@article{JES_CMS_2017,
   abstract = {Improved jet energy scale corrections, based on a data sample corresponding to an integrated luminosity of 19.7 fb-1 collected by the CMS experiment in proton-proton collisions at a center-of-mass energy of 8 TeV, are presented. The corrections as a function of pseudorapidity η and transverse momentum pT are extracted from data and simulated events combining several channels and methods. They account successively for the effects of pileup, uniformity of the detector response, and residual data-simulation jet energy scale differences. Further corrections, depending on the jet flavor and distance parameter (jet size) R, are also presented. The jet energy resolution is measured in data and simulated events and is studied as a function of pileup, jet size, and jet flavor. Typical jet energy resolutions at the central rapidities are 15-20% at 30 GeV, about 10% at 100 GeV, and 5% at 1 TeV. The studies exploit events with dijet topology, as well as photon+jet, Z+jet and multijet events. Several new techniques are used to account for the various sources of jet energy scale corrections, and a full set of uncertainties, and their correlations, are provided.The final uncertainties on the jet energy scale are below 3% across the phase space considered by most analyses (pT > 30 GeV and |η| < 5:0). In the barrel region (|η| < 1:3) an uncertainty below 1% for pT > 30 GeV is reached, when excluding the jet flavor uncertainties, which are provided separately for different jet flavors. A new benchmark for jet energy scale determination at hadron colliders is achieved with 0.32% uncertainty for jets with pT of the order of 165-330 GeV, and |η| < 0:8.},
   author = {V. Khachatryan and A. M. Sirunyan and A. Tumasyan and W. Adam and E. Asilar and T. Bergauer and J. Brandstetter and E. Brondolin and M. Dragicevic and J. Erö and M. Flechl and M. Friedl and R. Frühwirth and V. M. Ghete and C. Hartl and N. Hörmann and J. Hrubec and M. Jeitler and V. Knünz and A. König and M. Krammer and I. Krätschmer and D. Liko and T. Matsushita and I. Mikulec and D. Rabady and B. Rahbaran and H. Rohringer and J. Schieck and R. Schöfbeck and J. Strauss and W. Treberer-Treberspurg and W. Waltenberger and C. E. Wulz and V. Mossolov and N. Shumeiko and J. Suarez Gonzalez and S. Alderweireldt and T. Cornelis and E. A. De Wolf and X. Janssen and A. Knutsson and J. Lauwers and S. Luyckx and M. Van De Klundert and H. Van Haevermaet and P. Van Mechelen and N. Van Remortel and A. Van Spilbeeck and S. Abu Zeid and F. Blekman and J. D'Hondt and N. Daci and I. De Bruyn and K. Deroover and N. Heracleous and J. Keaveney and S. Lowette and L. Moreels and A. Olbrechts and Q. Python and D. Strom and S. Tavernier and W. Van Doninck and P. Van Mulders and G. P. Van Onsem and I. Van Parijs and P. Barria and H. Brun and C. Caillol and B. Clerbaux and G. De Lentdecker and G. Fasanella and L. Favart and A. Grebenyuk and G. Karapostoli and T. Lenzi and A. Léonard and T. Maerschalk and A. Marinov and L. Perniè and A. Randle-Conde and T. Reis and T. Seva and C. Vander Velde and P. Vanlaer and R. Yonamine and F. Zenoni and F. Zhang and K. Beernaert and L. Benucci and A. Cimmino and S. Crucy and D. Dobur and A. Fagot and G. Garcia and M. Gul and J. McCartin and A. A. Ocampo Rios and D. Poyraz and D. Ryckbosch and S. Salva and M. Sigamani and N. Strobbe and M. Tytgat and W. Van Driessche and E. Yazgan and N. Zaganidis and S. Basegmez and C. Beluffi and O. Bondu and S. Brochet and G. Bruno and A. Caudron and L. Ceard and G. G. Da Silveira and C. Delaere and D. Favart and L. Forthomme and A. Giammanco and J. Hollar and A. Jafari and P. Jez and M. Komm and V. Lemaitre and A. Mertens and C. Nuttens and L. Perrini and A. Pin and K. Piotrzkowski and A. Popov and L. Quertenmont and M. Selvaggi and M. Vidal Marono and N. Beliy and G. H. Hammad and W. L. Aldá and F. L. Alves and G. A. Alves and L. Brito and M. Correa Martins and M. Hamer and C. Hensel and C. Mora Herrera and A. Moraes and M. E. Pol and P. Rebello Teles and E. Belchior Batista Das Chagas and W. Carvalho and J. Chinellato and A. Custódio and E. M. Da Costa and D. De Jesus Damiao and C. De Oliveira Martins and S. Fonseca De Souza and L. M. Huertas Guativa and H. Malbouisson and D. Matos Figueiredo and L. Mundim and H. Nogima and W. L. Prado Da Silva and A. Santoro and A. Sznajder and E. J. Tonelli Manganote and A. Vilela Pereira and S. Ahuja and C. A. Bernardes and A. De Souza Santos and S. Dogra and T. R. Fernandez Perez Tomei and E. M. Gregores and P. G. Mercadante and C. S. Moon and S. F. Novaes and Sandra S. Padula and D. Romero Abad and J. C. Ruiz Vargas and A. Aleksandrov and R. Hadjiiska and P. Iaydjiev and M. Rodozov and S. Stoykova and G. Sultanov and M. Vutova and A. Dimitrov and I. Glushkov and L. Litov and B. Pavlov and P. Petkov and M. Ahmad and J. G. Bian and G. M. Chen and H. S. Chen and M. Chen and T. Cheng and R. Du and C. H. Jiang and R. Plestina and F. Romeo and S. M. Shaheen and J. Tao and C. Wang and Z. Wang and H. Zhang and C. Asawatangtrakuldee and Y. Ban and Q. Li and S. Liu and Y. Mao and S. J. Qian and D. Wang and Z. Xu and C. Avila and A. Cabrera and L. F. Chaparro Sierra and C. Florez and J. P. Gomez and B. Gomez Moreno and J. C. Sanabria and N. Godinovic and D. Lelas and I. Puljak and P. M. Ribeiro Cipriano and Z. Antunovic and M. Kovac and V. Brigljevic and K. Kadija and J. Luetic and S. Micanovic and L. Sudic and A. Attikis and G. Mavromanolakis and J. Mousa and C. Nicolaou and F. Ptochos and P. A. Razis and H. Rykaczewski and M. Bodlak and M. Finger and M. Finger and Y. Assran and S. Elgammal and A. Ellithi Kamel and M. A. Mahmoud and Y. Mohammed and B. Calpas and M. Kadastik and M. Murumaa and M. Raidal and A. Tiko and C. Veelken and P. Eerola and J. Pekkanen and M. Voutilainen and J. Härkönen and V. Karimäki and R. Kinnunen and T. Lampén and K. Lassila-Perini and S. Lehti and T. Lindén and P. Luukka and T. Mäenpää and T. Peltola and E. Tuominen and J. Tuominiemi and E. Tuovinen and L. Wendland and J. Talvitie and T. Tuuva and M. Besancon and F. Couderc and M. Dejardin and D. Denegri and B. Fabbro and J. L. Faure and C. Favaro and F. Ferri and S. Ganjour and A. Givernaud and P. Gras and G. Hamel De Monchenault and P. Jarry and E. Locci and M. Machet and J. Malcles and J. Rander and A. Rosowsky and M. Titov and A. Zghiche and I. Antropov and S. Baffioni and F. Beaudette and P. Busson and L. Cadamuro and E. Chapon and C. Charlot and T. Dahms and O. Davignon and N. Filipovic and A. Florent and R. Granier De Cassagnac and S. Lisniak and L. Mastrolorenzo and P. Miné and I. N. Naranjo and M. Nguyen and C. Ochando and G. Ortona and P. Paganini and P. Pigard and S. Regnard and R. Salerno and J. B. Sauvan and Y. Sirois and T. Strebler and Y. Yilmaz and A. Zabi and J. L. Agram and J. Andrea and A. Aubin and D. Bloch and J. M. Brom and M. Buttignol and E. C. Chabert and N. Chanon and C. Collard and E. Conte and X. Coubez and J. C. Fontaine and D. Gelé and U. Goerlach and C. Goetzmann and A. C. Le Bihan and J. A. Merlin and K. Skovpen and P. Van Hove and S. Gadrat and S. Beauceron and C. Bernet and G. Boudoul and E. Bouvier and C. A. Carrillo Montoya and R. Chierici and D. Contardo and B. Courbon and P. Depasse and H. El Mamouni and J. Fan and J. Fay and S. Gascon and M. Gouzevitch and B. Ille and F. Lagarde and I. B. Laktineh and M. Lethuillier and L. Mirabito and A. L. Pequegnot and S. Perries and J. D. Ruiz Alvarez and D. Sabes and L. Sgandurra and V. Sordini and M. Vander Donckt and P. Verdier and S. Viret and T. Toriashvili and Z. Tsamalaidze and C. Autermann and S. Beranek and M. Edelhoff and L. Feld and A. Heister and M. K. Kiesel and K. Klein and M. Lipinski and A. Ostapchuk and M. Preuten and F. Raupach and S. Schael and J. F. Schulte and T. Verlage and H. Weber and B. Wittmer and V. Zhukov and M. Ata and M. Brodski and E. Dietz-Laursonn and D. Duchardt and M. Endres and M. Erdmann and S. Erdweg and T. Esch and R. Fischer and A. Güth and T. Hebbeker and C. Heidemann and K. Hoepfner and D. Klingebiel and S. Knutzen and P. Kreuzer and M. Merschmeyer and A. Meyer and P. Millet and M. Olschewski and K. Padeken and P. Papacz and T. Pook and M. Radziej and H. Reithler and M. Rieger and F. Scheuch and L. Sonnenschein and D. Teyssier and S. Thüer and V. Cherepanov and Y. Erdogan and G. Flügge and H. Geenen and M. Geisler and F. Hoehle and B. Kargoll and T. Kress and Y. Kuessel and A. Künsken and J. Lingemann and A. Nehrkorn and A. Nowack and I. M. Nugent and C. Pistone and O. Pooth and A. Stahl and M. Aldaya Martin and I. Asin and N. Bartosik and O. Behnke and U. Behrens and A. J. Bell and K. Borras and A. Burgmeier and A. Cakir and L. Calligaris and A. Campbell and S. Choudhury and F. Costanza and C. Diez Pardos and G. Dolinska and S. Dooling and T. Dorland and G. Eckerlin and D. Eckstein and T. Eichhorn and G. Flucke and E. Gallo and J. Garay Garcia and A. Geiser and A. Gizhko and P. Gunnellini and J. Hauk and M. Hempel and H. Jung and A. Kalogeropoulos and O. Karacheban and M. Kasemann and P. Katsas and J. Kieseler and C. Kleinwort and I. Korol and W. Lange and J. Leonard and K. Lipka and A. Lobanov and W. Lohmann and R. Mankel and I. Marfin and I. A. Melzer-Pellmann and A. B. Meyer and G. Mittag and J. Mnich and A. Mussgiller and S. Naumann-Emme and A. Nayak and E. Ntomari and H. Perrey and D. Pitzl and R. Placakyte and A. Raspereza and B. Roland and M. Sahin and P. Saxena and T. Schoerner-Sadenius and M. Schröder and C. Seitz and S. Spannagel and K. D. Trippkewitz and R. Walsh and C. Wissing and V. Blobel and M. Centis Vignali and A. R. Draeger and J. Erfle and E. Garutti and K. Goebel and D. Gonzalez and M. Görner and J. Haller and M. Hoffmann and R. S. Höing and A. Junkes and R. Klanner and R. Kogler and T. Lapsien and T. Lenz and I. Marchesini and D. Marconi and M. Meyer and D. Nowatschin and J. Ott and F. Pantaleo and T. Peiffer and A. Perieanu and N. Pietsch and J. Poehlsen and D. Rathjens and C. Sander and H. Schettler and P. Schleper and E. Schlieckau and A. Schmidt and J. Schwandt and M. Seidel and V. Sola and H. Stadie and G. Steinbrück and H. Tholen and D. Troendle and E. Usai and L. Vanelderen and A. Vanhoefer and B. Vormwald and M. Akbiyik and C. Barth and C. Baus and J. Berger and C. Böser and E. Butz and T. Chwalek and F. Colombo and W. De Boer and A. Descroix and A. Dierlamm and S. Fink and F. Frensch and M. Giffels and A. Gilbert and D. Haitz and F. Hartmann and S. M. Heindl and U. Husemann and I. Katkov and A. Kornmayer and P. Lobelle Pardo and B. Maier and H. Mildner and M. U. Mozer and T. Müller and Th Müller and M. Plagge and G. Quast and K. Rabbertz and S. Röcker and F. Roscher and H. J. Simonis and F. M. Stober and R. Ulrich and J. Wagner-Kuhr and S. Wayand and M. Weber and T. Weiler and C. Wöhrmann and R. Wolf and G. Anagnostou and G. Daskalakis and T. Geralis and V. A. Giakoumopoulou and A. Kyriakis and D. Loukas and A. Psallidas and I. Topsis-Giotis and A. Agapitos and S. Kesisoglou and A. Panagiotou and N. Saoulidou and E. Tziaferi and I. Evangelou and G. Flouris and C. Foudas and P. K. Okkas and N. Loukas and N. Manthos and I. Papadopoulos and E. Paradas and J. Strologas and G. Bencze and C. Hajdu and A. Hazi and P. Hidas and D. Horvath and F. Sikler and V. Veszpremi and G. Vesztergombi and A. J. Zsigmond and N. Beni and S. Czellar and J. Karancsi and J. Molnar and Z. Szillasi and M. Bartók and A. Makovec and P. Raics and Z. L. Trocsanyi and B. Ujvari and P. Mal and K. Mandal and D. K. Sahoo and N. Sahoo and S. K. Swain and S. Bansal and S. B. Beri and V. Bhatnagar and R. Chawla and R. Gupta and U. B. Hawandeep and A. K. Kalsi and A. Kaur and M. Kaur and R. Kumar and A. Mehta and M. Mittal and J. B. Singh and G. Walia and Ashok Kumar and A. Bhardwaj and B. C. Choudhary and R. B. Garg and A. Kumar and S. Malhotra and M. Naimuddin and N. Nishu and K. Ranjan and R. Sharma and V. Sharma and S. Bhattacharya and K. Chatterjee and S. Dey and S. Dutta and Sa Jain and N. Majumdar and A. Modak and K. Mondal and S. Mukherjee and S. Mukhopadhyay and A. Roy and D. Roy and S. Roy Chowdhury and S. Sarkar and M. Sharan and A. Abdulsalam and R. Chudasama and D. Dutta and V. Jha and V. Kumar and A. K. Mohanty and L. M. Pant and P. Shukla and A. Topkar and T. Aziz and S. Banerjee and S. Bhowmik and R. M. Chatterjee and R. K. Dewanjee and S. Dugad and S. Ganguly and S. Ghosh and M. Guchait and A. Gurtu and G. Kole and S. Kumar and B. Mahakud and M. Maity and G. Majumder and K. Mazumdar and S. Mitra and G. B. Mohanty and B. Parida and T. Sarkar and N. Sur and B. Sutar and N. Wickramage and S. Chauhan and S. Dube and S. Sharma and H. Bakhshiansohi and H. Behnamian and S. M. Etesami and A. Fahim and R. Goldouzian and M. Khakzad and M. Mohammadi Najafabadi and M. Naseri and S. Paktinat Mehdiabadi and F. Rezaei Hosseinabadi and B. Safarzadeh and M. Zeinali and M. Felcini and M. Grunewald and M. Abbrescia and C. Calabria and C. Caputo and A. Colaleo and D. Creanza and L. Cristella and N. De Filippis and M. De Palma and L. Fiore and G. Iaselli and G. Maggi and M. Maggi and G. Miniello and S. My and S. Nuzzo and A. Pompili and G. Pugliese and R. Radogna and A. Ranieri and G. Selvaggi and L. Silvestris and R. Venditti and P. Verwilligen and G. Abbiendi and C. Battilan and A. C. Benvenuti and D. Bonacorsi and S. Braibant-Giacomelli and L. Brigliadori and R. Campanini and P. Capiluppi and A. Castro and F. R. Cavallo and S. S. Chhibra and G. Codispoti and M. Cuffiani and G. M. Dallavalle and F. Fabbri and A. Fanfani and D. Fasanella and P. Giacomelli and C. Grandi and L. Guiducci and S. Marcellini and G. Masetti and A. Montanari and F. L. Navarria and A. Perrotta and A. M. Rossi and T. Rovelli and G. P. Siroli and N. Tosi and R. Travaglini and G. Cappello and M. Chiorboli and S. Costa and F. Giordano and R. Potenza and A. Tricomi and C. Tuve and G. Barbagli and V. Ciulli and C. Civinini and R. D'Alessandro and E. Focardi and S. Gonzi and V. Gori and P. Lenzi and M. Meschini and S. Paoletti and G. Sguazzoni and A. Tropiano and L. Viliani and L. Benussi and S. Bianco and F. Fabbri and D. Piccolo and F. Primavera and V. Calvelli and F. Ferro and M. Lo Vetere and M. R. Monge and E. Robutti and S. Tosi and L. Brianz and M. E. Dinardo and S. Fiorendi and S. Gennai and R. Gerosa and A. Ghezzi and P. Govoni and S. Malvezzi and R. A. Manzoni and B. Marzocchi and D. Menasce and L. Moroni and M. Paganoni and D. Pedrini and S. Ragazzi and N. Redaelli and T. Tabarelli De Fatis and S. Buontempo and N. Cavallo and S. Di Guida and M. Esposito and F. Fabozzi and A. O.M. Iorio and G. Lanza and L. Lista and S. Meola and M. Merola and P. Paolucci and C. Sciacca and F. Thyssen and P. Azzi and N. Bacchetta and M. Bellato and L. Benato and D. Bisello and A. Boletti and A. Branca and R. Carlin and P. Checchia and M. Dall'Osso and T. Dorigo and U. Dosselli and F. Fanzago and F. Gasparini and U. Gasparini and F. Gonella and A. Gozzelino and K. Kanishchev and S. Lacaprara and G. Maron and J. Pazzini and N. Pozzobon and P. Ronchese and M. Tosi and S. Vanini and S. Ventura and M. Zanetti and A. Zucchett and G. Zumerle and A. Braghieri and A. Magnani and P. Montagna and S. P. Ratti and V. Re and C. Riccardi and P. Salvini and I. Vai and P. Vitulo and L. Alunni Solestizi and M. Biasini and G. M. Bilei and D. Ciangottini and L. Fanò and P. Lariccia and G. Mantovani and M. Menichelli and A. Saha and A. Santocchia and A. Spiezia and K. Androsov and P. Azzurri and G. Bagliesi and J. Bernardini and T. Boccali and G. Broccolo and R. Castaldi and M. A. Ciocci and R. Dell'Orso and S. Donato and G. Fedi and L. Foà and A. Giassi and M. T. Grippo and F. Ligabue and T. Lomtadze and L. Martini and A. Messineo and F. Palla and A. Rizzi and A. Savoy-Navarro and A. T. Serban and P. Spagnolo and P. Squillacioti and R. Tenchini and G. Tonelli and A. Venturi and P. G. Verdini and L. Barone and F. Cavallari and G. D'imperio and D. Del Re and M. Diemoz and S. Gelli and C. Jorda and E. Longo and F. Margaroli and P. Meridiani and G. Organtini and R. Paramatti and F. Preiato and S. Rahatlou and C. Rovelli and F. Santanastasio and P. Traczyk and N. Amapane and R. Arcidiacono and S. Argiro and M. Arneodo and R. Bellan and C. Biino and N. Cartiglia and M. Costa and R. Covarelli and A. Degano and N. Demaria and L. Finco and B. Kiani and C. Mariotti and S. Maselli and E. Migliore and V. Monaco and E. Monteil and M. Musich and M. M. Obertino and L. Pacher and N. Pastrone and M. Pelliccioni and G. L. Pinna Angioni and F. Ravera and A. Romero and M. Ruspa and R. Sacchi and A. Solano and A. Staiano and U. Tamponi and S. Belforte and V. Candelise and M. Casarsa and F. Cossutti and G. Della Ricca and B. Gobbo and C. La Licata and M. Marone and A. Schizzi and A. Zanetti and A. Kropivnitskaya and S. K. Nam and D. H. Kim and G. N. Kim and M. S. Kim and D. J. Kong and S. Lee and Y. D. Oh and A. Sakharov and D. C. Son and J. A. Brochero Cifuentes and H. Kim and T. J. Kim and S. Song and S. Choi and Y. Go and D. Gyun and B. Hong and M. Jo and H. Kim and Y. Kim and B. Lee and K. Lee and K. S. Lee and S. Lee and S. K. Park and Y. Roh and H. D. Yoo and M. Choi and H. Kim and J. H. Kim and J. S.H. Lee and I. C. Park and G. Ryu and M. S. Ryu and Y. Choi and J. Goh and D. Kim and E. Kwon and J. Lee and I. Yu and A. Juodagalvis and J. Vaitkus and I. Ahmed and Z. A. Ibrahim and J. R. Komaragiri and M. A.B. Md Ali and F. Mohamad Idris and W. A.T. Wan Abdullah and M. N. Yusli and E. Casimiro Linares and H. Castilla-Valdez and E. De La Cruz-Burelo and I. Heredia-De La Cruz and A. Hernandez-Almada and R. Lopez-Fernandez and A. Sanchez-Hernandez and S. Carrillo Moreno and F. Vazquez Valencia and I. Pedraza and H. A. Salazar Ibarguen and A. Morelos Pineda and D. Krofcheck and P. H. Butler and A. Ahmad and M. Ahmad and Q. Hassan and H. R. Hoorani and W. A. Khan and T. Khurshid and M. Shoaib and H. Bialkowska and M. Bluj and B. Boimska and T. Frueboes and M. Górski and M. Kazana and K. Nawrocki and K. Romanowska-Rybinska and M. Szleper and P. Zalewski and G. Brona and K. Bunkowski and A. Byszuk and K. Doroba and A. Kalinowski and M. Konecki and J. Krolikowski and M. Misiura and M. Olszewski and M. Walczak and P. Bargassa and C. Beirão Da Cruz E Silva and A. Di Francesco and P. Faccioli and P. G. Ferreira Parracho and M. Gallinaro and N. Leonardo and L. Lloret Iglesias and F. Nguyen and J. Rodrigues Antunes and J. Seixas and O. Toldaiev and D. Vadruccio and J. Varela and P. Vischia and S. Afanasiev and P. Bunin and M. Gavrilenko and I. Golutvin and I. Gorbunov and A. Kamenev and V. Karjavin and V. Konoplyanikov and A. Lanev and A. Malakhov and V. Matveev and P. Moisenz and V. Palichik and V. Perelygin and S. Shmatov and S. Shulha and N. Skatchkov and V. Smirnov and A. Zarubin and V. Golovtsov and Y. Ivanov and V. Kim and E. K. Uznetsova and P. Levchenko and V. Murzin and V. Oreshkin and I. Smirnov and V. Sulimov and L. Uvarov and S. Vavilov and A. Vorobyev and Yu Andreev and A. Dermenev and S. Gninenko and N. Golubev and A. Karneyeu and M. Kirsanov and N. Krasnikov and A. Pashenkov and D. Tlisov and A. Toropin and V. Epshteyn and V. Gavrilov and N. Lychkovskaya and V. Popov and I. Pozdnyakov and G. Safronov and A. Spiridonov and E. Vlasov and A. Zhokin and A. Bylinkin and V. Andreev and M. Azarkin and I. Dremin and M. Kirakosyan and A. Leonidov and G. Mesyats and S. V. Rusakov and A. Baskakov and A. Belyaev and E. Boos and M. Dubinin and L. Dudko and A. Ershov and A. Gribushin and A. Kaminskiy and V. Klyukhin and O. Kodolova and I. Lokhtin and I. Myagkov and S. Obraztsov and S. Petrushanko and V. Savrin and I. Azhgirey and I. Bayshev and S. Bitioukov and V. Kachanov and A. Kalinin and D. Konstantinov and V. Krychkine and V. Petrov and R. Ryutin and A. Sobol and L. Tourtchanovitch and S. Troshin and N. Tyurin and A. Uzunian and A. Volkov and P. Adzic and J. Milosevic and V. Rekovic and J. Alcaraz Maestre and E. Calvo and M. Cerrada and M. Chamizo Llatas and N. Colino and B. De La Cruz and A. Delgado Peris and D. Domínguez Vázquez and A. Escalante Del Valle and C. Fernandez Bedoya and J. P. Fernández Ramos and J. Flix and M. C. Fouz and P. Garcia-Abia and O. Gonzalez Lopez and S. Goy Lopez and J. M. Hernandez and M. I. Josa and E. Navarro De Martino and A. Pérez-Calero Yzquierdo and J. Puerta Pelayo and A. Quintario Olmeda and I. Redondo and L. Romero and J. Santaolalla and M. S. Soares and C. Albajar and J. F. De Trocóniz and M. Missiroli and D. Moran and J. Cuevas and J. Fernandez Menendez and S. Folgueras and I. Gonzalez Caballero and E. Palencia Cortezon and J. M. Vizan Garcia and I. J. Cabrillo and A. Calderon and J. R. Castiñeiras De Saa and P. De Castro Manzano and J. Duarte Campderros and M. Fernandez and J. Garcia-Ferrero and G. Gomez and A. Lopez Virto and J. Marco and R. Marco and C. Martinez Rivero and F. Matorras and F. J. Munoz Sanchez and J. Piedra Gomez and T. Rodrigo and A. Y. Rodríguez-Marrero and A. Ruiz-Jimeno and L. Scodellaro and N. Trevisani and I. Vila and R. Vilar Cortabitarte and D. Abbaneo and E. Auffray and G. Auzinger and M. Bachtis and P. Baillon and A. H. Ball and D. Barney and A. Benaglia and J. Bendavid and L. Benhabib and J. F. Benitez and G. M. Berruti and P. Bloch and A. Bocci and A. Bonato and C. Botta and H. Breuker and T. Camporesi and R. Castello and G. Cerminara and M. D'Alfonso and D. D'Enterria and A. Dabrowski and V. Daponte and A. David and M. De Gruttola and F. De Guio and A. De Roeck and S. De Visscher and E. Di Marco and M. Dobson and M. Dordevic and B. Dorney and T. Du Pree and M. Dünser and N. Dupont and A. Elliott-Peisert and G. Franzoni and W. Funk and D. Gigi and K. Gill and D. Giordano and M. Girone and F. Glege and R. Guida and S. Gundacker and M. Guthoff and J. Hammer and P. Harris and J. Hegeman and V. Innocente and P. Janot and H. Kirschenmann and M. J. Kortelainen and K. Kousouris and K. Krajczar and P. Lecoq and C. Lourenço and M. T. Lucchini and N. Magini and L. Malgeri and M. Mannelli and A. Martelli and L. Masetti and F. Meijers and S. Mersi and E. Meschi and F. Moortgat and S. Morovic and M. Mulders and M. V. Nemallapudi and H. Neugebauer and S. Orfanelli and L. Orsini and L. Pape and E. Perez and M. Peruzzi and A. Petrilli and G. Petrucciani and A. Pfeiffer and D. Piparo and A. Racz and G. Rolandi and M. Rovere and M. Ruan and H. Sakulin and C. Schäfer and C. Schwick and A. Sharma and P. Silva and M. Simon and P. Sphicas and J. Steggemann and B. Stieger and M. Stoye and Y. Takahashi and D. Treille and A. Triossi and A. Tsirou and G. I. Veres and N. Wardle and H. K. Wöhri and A. Zagozdzinska and W. D. Zeuner and W. Bertl and K. Deiters and W. Erdmann and R. Horisberger and Q. Ingram and H. C. Kaestli and D. Kotlinski and U. Langenegger and D. Renker and T. Rohe and F. Bachmair and L. Bäni and L. Bianchini and B. Casal and G. Dissertori and M. Dittmar and M. Donegà and P. Eller and C. Grab and C. Heidegger and D. Hits and J. Hoss and G. Kasieczka and W. Lustermann and B. Mangano and M. Marionneau and P. Martinez Ruiz Del Arbol and M. Masciovecchio and D. Meister and F. Micheli and P. Musella and F. Nessi-Tedaldi and F. Pandolfi and J. Pata and F. Pauss and L. Perrozzi and M. Quittnat and M. Rossini and A. Starodumov and M. Takahashi and V. R. Tavolaro and K. Theofilatos and R. Wallny and T. K. Aarrestad and C. Amsler and L. Caminada and M. F. Canelli and V. Chiochia and A. De Cosa and C. Galloni and A. Hinzmann and T. Hreus and B. Kilminster and C. Lange and J. Ngadiuba and D. Pinna and P. Robmann and F. J. Ronga and D. Salerno and Y. Yang and M. Cardaci and K. H. Chen and T. H. Doan and Sh Jain and R. Khurana and M. Konyushikhin and C. M. Kuo and W. Lin and Y. J. Lu and S. S. Yu and Arun Kumar and R. Bartek and P. Chang and Y. H. Chang and Y. W. Chang and Y. Chao and K. F. Chen and P. H. Chen and C. Dietz and F. Fiori and U. Grundler and W. S. Hou and Y. Hsiung and Y. F. Liu and R. S. Lu and M. Miñano Moya and E. Petrakou and J. F. Tsai and Y. M. Tzeng and B. Asavapibhop and K. Kovitanggoon and G. Singh and N. Srimanobhas and N. Suwonjandee and A. Adiguzel and S. Cerci and Z. S. Demiroglu and C. Dozen and I. Dumanoglu and S. Girgis and G. Gokbulut and Y. Guler and E. Gurpinar and I. Hos and E. E. Kangal and A. Kayis Topaksu and G. Onengut and K. Ozdemir and S. Ozturk and B. Tali and H. Topakli and M. Vergili and C. Zorbilmez and I. V. Akin and B. Bilin and S. Bilmis and B. Isildak and G. Karapinar and M. Yalvac and M. Zeyrek and E. A. Albayrak and E. Gülmez and M. Kaya and O. Kaya and T. Yetkin and K. Cankocak and S. Sen and F. I. Vardarli and B. Grynyov and L. Levchuk and P. Sorokin and R. Aggleton and F. Ball and L. Beck and J. J. Brooke and E. Clement and D. Cussans and H. Flacher and J. Goldstein and M. Grimes and G. P. Heath and H. F. Heath and J. Jacob and L. Kreczko and C. Lucas and Z. Meng and D. M. Newbold and S. Paramesvaran and A. Poll and T. Sakuma and S. Seif El Nasr-Storey and S. Senkin and D. Smith and V. J. Smith and K. W. Bell and A. Belyaev and C. Brew and R. M. Brown and D. Cieri and D. J.A. Cockerill and J. A. Coughlan and K. Harder and S. Harper and E. Olaiya and D. Petyt and C. H. Shepherd-Themistocleous and A. Thea and I. R. Tomalin and T. Williams and W. J. Womersley and S. D. Worm and M. Baber and R. Bainbridge and O. Buchmuller and A. Bundock and D. Burton and S. Casasso and M. Citron and D. Colling and L. Corpe and N. Cripps and P. Dauncey and G. Davies and A. De Wit and M. Della Negra and P. Dunne and A. Elwood and W. Ferguson and J. Fulcher and D. Futyan and G. Hall and G. Iles and M. Kenzie and R. Lane and R. Lucas and L. Lyons and A. M. Magnan and S. Malik and J. Nash and A. Nikitenko and J. Pela and M. Pesaresi and K. Petridis and D. M. Raymond and A. Richards and A. Rose and C. Seez and A. Tapper and K. Uchida and M. Vazquez Acosta and T. Virdee and S. C. Zenz and J. E. Cole and P. R. Hobson and A. Khan and P. Kyberd and D. Leggat and D. Leslie and I. D. Reid and P. Symonds and L. Teodorescu and M. Turner and A. Borzou and K. Call and J. Dittmann and K. Hatakeyama and A. Kasmi and H. Liu and N. Pastika and O. Charaf and S. I. Cooper and C. Henderson and P. Rumerio and A. Avetisyan and T. Bose and C. Fantasia and D. Gastler and P. Lawson and D. Rankin and C. Richardson and J. Rohlf and J. St John and L. Sulak and D. Zou and J. Alimena and E. Berry and S. Bhattacharya and D. Cutts and N. Dhingra and A. Ferapontov and A. Garabedian and J. Hakala and U. Heintz and E. Laird and G. Landsberg and Z. Mao and M. Narain and S. Piperov and S. Sagir and T. Sinthuprasith and R. Syarif and R. Breedon and G. Breto and M. Calderon De La Barca Sanchez and S. Chauhan and M. Chertok and J. Conway and R. Conway and P. T. Cox and R. Erbacher and M. Gardner and W. Ko and R. Lander and M. Mulhearn and D. Pellett and J. Pilot and F. Ricci-Tam and S. Shalhout and J. Smith and M. Squires and D. Stolp and M. Tripathi and S. Wilbur and R. Yohay and R. Cousins and P. Everaerts and C. Farrell and J. Hauser and M. Ignatenko and D. Saltzberg and E. Takasugi and V. Valuev and M. Weber and K. Burt and R. Clare and J. Ellison and J. W. Gary and G. Hanson and J. Heilman and M. Ivova Paneva and P. Jandir and E. Kennedy and F. Lacroix and O. R. Long and A. Luthra and M. Malberti and M. Olmedo Negrete and A. Shrinivas and H. Wei and S. Wimpenny and B. R. Yates and J. G. Branson and G. B. Cerati and S. Cittolin and R. T. D'Agnolo and A. Holzner and R. Kelley and D. Klein and J. Letts and I. Macneill and D. Olivito and S. Padhi and M. Pieri and M. Sani and V. Sharma and S. Simon and M. Tadel and A. Vartak and S. Wasserbaech and C. Welke and F. Würthwein and A. Yagil and G. Zevi Della Porta and D. Barge and J. Bradmiller-Feld and C. Campagnari and A. Dishaw and V. Dutta and K. Flowers and M. Franco Sevilla and P. Geffert and C. George and F. Golf and L. Gouskos and J. Gran and J. Incandela and C. Justus and N. McColl and S. D. Mullin and J. Richman and D. Stuart and I. Suarez and W. To and C. West and J. Yoo and D. Anderson and A. Apresyan and A. Bornheim and J. Bunn and Y. Chen and J. Duarte and A. Mott and H. B. Newman and C. Pena and M. Pierini and M. Spiropulu and J. R. Vlimant and S. Xie and R. Y. Zhu and M. B. Andrews and V. Azzolini and A. Calamba and B. Carlson and T. Ferguson and M. Paulini and J. Russ and M. Sun and H. Vogel and I. Vorobiev and J. P. Cumalat and W. T. Ford and A. Gaz and F. Jensen and A. Johnson and M. Krohn and T. Mulholland and U. Nauenberg and K. Stenson and S. R. Wagner and J. Alexander and A. Chatterjee and J. Chaves and J. Chu and S. Dittmer and N. Eggert and N. Mirman and G. Nicolas Kaufman and J. R. Patterson and A. Rinkevicius and A. Ryd and L. Skinnari and L. Soffi and W. Sun and S. M. Tan and W. D. Teo and J. Thom and J. Thompson and J. Tucker and Y. Weng and P. Wittich and S. Abdullin and M. Albrow and J. Anderson and G. Apollinari and S. Banerjee and L. A.T. Bauerdick and A. Beretvas and J. Berryhill and P. C. Bhat and G. Bolla and K. Burkett and J. N. Butler and H. W.K. Cheung and F. Chlebana and S. Cihangir and V. D. Elvira and I. Fisk and J. Freeman and E. Gottschalk and L. Gray and D. Green and S. Grünendahl and O. Gutsche and J. Hanlon and D. Hare and R. M. Harris and S. Hasegawa and J. Hirschauer and Z. Hu and S. Jindariani and M. Johnson and U. Joshi and A. W. Jung and B. Klima and B. Kreis and S. Kwan and S. Lammel and J. Linacre and D. Lincoln and R. Lipton and T. Liu and R. Lopes De Sá and J. Lykken and K. Maeshima and J. M. Marraffino and V. I. Martinez Outschoorn and S. Maruyama and D. Mason and P. McBride and P. Merkel and K. Mishra and S. Mrenna and S. Nahn and C. Newman-Holmes and V. O'Dell and K. Pedro and O. Prokofyev and G. Rakness and E. Sexton-Kennedy and A. Soha and W. J. Spalding and L. Spiegel and L. Taylor and S. Tkaczyk and N. V. Tran and L. Uplegger and E. W. Vaandering and C. Vernieri and M. Verzocchi and R. Vidal and H. A. Weber and A. Whitbeck and F. Yang and D. Acosta and P. Avery and P. Bortignon and D. Bourilkov and A. Carnes and M. Carver and D. Curry and S. Das and G. P. Di Giovanni and R. D. Field and I. K. Furic and J. Hugon and J. Konigsberg and A. Korytov and J. F. Low and P. Ma and K. Matchev and H. Mei and P. Milenovic and G. Mitselmakher and D. Rank and R. Rossin and L. Shchutska and M. Snowball and D. Sperka and N. Terentyev and L. Thomas and J. Wang and S. Wang and J. Yelton and S. Hewamanage and S. Linn and P. Markowitz and G. Martinez and J. L. Rodriguez and A. Ackert and J. R. Adams and T. Adams and A. Askew and J. Bochenek and B. Diamond and J. Haas and S. Hagopian and V. Hagopian and K. F. Johnson and A. Khatiwada and H. Prosper and M. Weinberg and M. M. Baarmand and V. Bhopatkar and S. Colafranceschi and M. Hohlmann and H. Kalakhety and D. Noonan and T. Roy and F. Yumiceva and M. R. Adams and L. Apanasevich and D. Berry and R. R. Betts and I. Bucinskaite and R. Cavanaugh and O. Evdokimov and L. Gauthier and C. E. Gerber and D. J. Hofman and P. Kurt and C. O'Brien and I. D. Sandoval Gonzalez and C. Silkworth and P. Turner and N. Varelas and Z. Wu and M. Zakaria and B. Bilki and W. Clarida and K. Dilsiz and S. Durgut and R. P. Gandrajula and M. Haytmyradov and V. Khristenko and J. P. Merlo and H. Mermerkaya and A. Mestvirishvili and A. Moeller and J. Nachtman and H. Ogul and Y. Onel and F. Ozok and A. Penzo and C. Snyder and P. Tan and E. Tiras and J. Wetzel and K. Yi and I. Anderson and B. A. Barnett and B. Blumenfeld and N. Eminizer and D. Fehling and L. Feng and A. V. Gritsan and P. Maksimovic and C. Martin and M. Osherson and J. Roskes and A. Sady and U. Sarica and M. Swartz and M. Xiao and Y. Xin and C. You and P. Baringer and A. Bean and G. Benelli and C. Bruner and R. P. Kenny and D. Majumder and M. Malek and M. Murray and S. Sanders and R. Stringer and Q. Wang and A. Ivanov and K. Kaadze and S. Khalil and M. Makouski and Y. Maravin and A. Mohammadi and L. K. Saini and N. Skhirtladze and S. Toda and D. Lange and F. Rebassoo and D. Wright and C. Anelli and A. Baden and O. Baron and A. Belloni and B. Calvert and S. C. Eno and C. Ferraioli and J. A. Gomez and N. J. Hadley and S. Jabeen and R. G. Kellogg and T. Kolberg and J. Kunkle and Y. Lu and A. C. Mignerey and Y. H. Shin and A. Skuja and M. B. Tonjes and S. C. Tonwar and A. Apyan and R. Barbieri and A. Baty and K. Bierwagen and S. Brandt and W. Busza and I. A. Cali and Z. Demiragli and L. Di Matteo and G. Gomez Ceballos and M. Goncharov and D. Gulhan and Y. Iiyama and G. M. Innocenti and M. Klute and D. Kovalskyi and Y. S. Lai and Y. J. Lee and A. Levin and P. D. Luckey and A. C. Marini and C. McGinn and C. Mironov and X. Niu and C. Paus and D. Ralph and C. Roland and G. Roland and J. Salfeld-Nebgen and G. S.F. Stephans and K. Sumorok and M. Varma and D. Velicanu and J. Veverka and J. Wang and T. W. Wang and B. Wyslouch and M. Yang and V. Zhukova and B. Dahmes and A. Evans and A. Finkel and A. Gude and P. Hansen and S. Kalafut and S. C. Kao and K. Klapoetke and Y. K. Ubota and Z. Lesko and J. Mans and S. Nourbakhsh and N. Ruckstuhl and R. Rusack and N. Tambe and J. Turkewitz and J. G. Acosta and S. Oliveros and E. Avdeeva and K. Bloom and S. Bose and D. R. Claes and A. Dominguez and C. Fangmeier and R. Gonzalez Suarez and R. Kamalieddin and J. Keller and D. Knowlton and I. Kravchenko and J. Lazo-Flores and F. Meier and J. Monroy and F. Ratnikov and J. E. Siado and G. R. Snow and M. Alyari and J. Dolen and J. George and A. Godshalk and C. Harrington and I. Iashvili and J. Kaisen and A. Kharchilava and A. Kumar and S. Rappoccio and B. Roozbahani and G. Alverson and E. Barberis and D. Baumgartel and M. Chasco and A. Hortiangtham and A. Massironi and D. M. Morse and D. Nash and T. Orimoto and R. Teixeira De Lima and D. Trocino and R. J. Wang and D. Wood and J. Zhang and K. A. Hahn and A. Kubik and N. Mucia and N. Odell and B. Pollack and A. Pozdnyakov and M. Schmitt and S. Stoynev and K. Sung and M. Trovato and M. Velasco and A. Brinkerhoff and N. Dev and M. Hildreth and C. Jessop and D. J. Karmgard and N. Kellams and K. Lannon and S. Lynch and N. Marinelli and F. Meng and C. Mueller and Y. Musienko and T. Pearson and M. Planer and A. Reinsvold and R. Ruchti and G. Smith and S. Taroni and N. Valls and M. Wayne and M. Wolf and A. Woodard and L. Antonelli and J. Brinson and B. Bylsma and L. S. Durkin and S. Flowers and A. Hart and C. Hill and R. Hughes and W. Ji and K. Kotov and T. Y. Ling and B. Liu and W. Luo and D. Puigh and M. Rodenburg and B. L. Winer and H. W. Wulsin and O. Driga and P. Elmer and J. Hardenbrook and P. Hebda and S. A. Koay and P. Lujan and D. Marlow and T. Medvedeva and M. Mooney and J. Olsen and C. Palmer and P. Piroué and X. Quan and H. Saka and D. Stickland and C. Tully and J. S. Werner and A. Zuranski and S. Malik and V. E. Barnes and D. Benedetti and D. Bortoletto and L. Gutay and M. K. Jha and M. Jones and K. Jung and D. H. Miller and N. Neumeister and B. C. Radburn-Smith and X. Shi and I. Shipsey and D. Silvers and J. Sun and A. Svyatkovskiy and F. Wang and W. Xie and L. Xu and N. Parashar and J. Stupak and A. Adair and B. Akgun and Z. Chen and K. M. Ecklund and F. J.M. Geurts and M. Guilbaud and W. Li and B. Michlin and M. Northup and B. P. Padley and R. Redjimi and J. Roberts and J. Rorie and Z. Tu and J. Zabel and B. Betchart and A. Bodek and P. De Barbaro and R. Demina and Y. Eshaq and T. Ferbel and M. Galanti and A. Garcia-Bellido and J. Han and A. Harel and O. Hindrichs and A. Khukhunaishvili and G. Petrillo and M. Verzetti and S. Arora and A. Barker and J. P. Chou and C. Contreras-Campana and E. Contreras-Campana and D. Duggan and D. Ferencek and Y. Gershtein and R. Gray and E. Halkiadakis and D. Hidas and E. Hughes and S. Kaplan and R. Kunnawalkam Elayavalli and A. Lath and K. Nash and S. Panwalkar and M. Park and S. Salur and S. Schnetzer and D. Sheffield and S. Somalwar and R. Stone and S. Thomas and P. Thomassen and M. Walker and M. Foerster and G. Riley and K. Rose and S. Spanier and A. York and O. Bouhali and A. Castaneda Hernandez and M. Dalchenko and M. De Mattia and A. Delgado and S. Dildick and R. Eusebi and J. Gilmore and T. Kamon and V. Krutelyov and R. Mueller and I. Osipenkov and Y. Pakhotin and R. Patel and A. Perloff and A. Rose and A. Safonov and A. Tatarinov and K. A. Ulmer and N. Akchurin and C. Cowden and J. Damgov and C. Dragoiu and P. R. Dudero and J. Faulkner and S. Kunori and K. Lamichhane and S. W. Lee and T. Libeiro and S. Undleeb and I. Volobouev and E. Appelt and A. G. Delannoy and S. Greene and A. Gurrola and R. Janjam and W. Johns and C. Maguire and Y. Mao and A. Melo and H. Ni and P. Sheldon and B. Snook and S. Tuo and J. Velkovska and Q. Xu and M. W. Arenton and B. Cox and B. Francis and J. Goodell and R. Hirosky and A. Ledovskoy and H. Li and C. Lin and C. Neu and X. Sun and Y. Wang and E. Wolfe and J. Wood and F. Xia and C. Clarke and R. Harr and P. E. Karchin and C. Kottachchi Kankanamge Don and P. Lamichhane and J. Sturdy and D. A. Belknap and D. Carlsmith and M. Cepeda and S. Dasu and L. Dodd and S. Duric and E. Friis and B. Gomber and M. Grothe and R. Hall-Wilton and M. Herndon and A. Hervé and P. Klabbers and A. Lanaro and A. Levine and K. Long and R. Loveless and A. Mohapatra and I. Ojalvo and T. Perry and G. A. Pierro and G. Polese and T. Ruggles and T. Sarangi and A. Savin and A. Sharma and N. Smith and W. H. Smith and D. Taylor and N. Woods},
   doi = {10.1088/1748-0221/12/02/P02014},
   issn = {17480221},
   issue = {2},
   journal = {Journal of Instrumentation},
   keywords = {Large detector-systems performance,Performance of High Energy Physics Detectors},
   month = {2},
   publisher = {Institute of Physics Publishing},
   title = {Jet energy scale and resolution in the CMS experiment in pp collisions at 8 TeV},
   volume = {12},
   year = {2017},
}
@report{ANS_DESY,
   abstract = {We present the measurement of the double differential cross section in transverse momentum and absolute rapidity of inclusive jet production with CMS 2016 data.},
   author = {Patrick LS Connor and Luis Ignacio ESTEVEZ BANOS and Hannes Jung and IKRadekˇRadekŽLEBRadekŽLEBˇ RadekŽLEBČ},
   keywords = {CMS PDFKeywords: CMS,NLL,NLO,NNLO,PDF,QCD,collisions,jet,physics,proton},
   title = {Available on the CMS information server CMS Draft Analysis Note Inclusive jet production at 13 TeV with 2016 data},
}
@article{AnneLeeLFI,
   abstract = {Many areas of science make extensive use of computer simulators that implicitly encode likelihood functions of complex systems. Classical statistical methods are poorly suited for these so-called likelihood-free inference (LFI) settings, outside the asymptotic and low-dimensional regimes. Although new machine learning methods, such as normalizing flows, have revolutionized the sample efficiency and capacity of LFI methods, it remains an open question whether they produce reliable measures of uncertainty. This paper presents a statistical framework for LFI that unifies classical statistics with modern machine learning to: (1) efficiently construct frequentist confidence sets and hypothesis tests with finite-sample guarantees of nominal coverage (type I error control) and power; (2) provide practical diagnostics for assessing empirical coverage over the entire parameter space. We refer to our framework as likelihood-free frequentist inference (LF2I). Any method that estimates a test statistic, like the likelihood ratio, can be plugged into our framework to create valid confidence sets and compute diagnostics, without costly Monte Carlo samples at fixed parameter settings. In this work, we specifically study the power of two test statistics (ACORE and BFF), which, respectively, maximize versus integrate an odds function over the parameter space. Our study offers multifaceted perspectives on the challenges in LF2I.},
   author = {Niccolò Dalmasso and David Zhao and Rafael Izbicki and Ann B. Lee},
   month = {7},
   title = {Likelihood-Free Frequentist Inference: Bridging Classical Statistics and Machine Learning in Simulation and Uncertainty Quantification},
   url = {http://arxiv.org/abs/2107.03920},
   year = {2021},
}
@article{Combined_SMEFT_Fit,
   abstract = {We present a global interpretation of Higgs, diboson, and top quark production and decay measurements from the LHC in the framework of the Standard Model Effective Field Theory (SMEFT) at dimension six. We constrain simultaneously 36 independent directions in its parameter space, and compare the outcome of the global analysis with that from individual and two-parameter fits. Our results are obtained by means of state-of-the-art theoretical calculations for the SM and the EFT cross-sections, and account for both linear and quadratic corrections in the $1/\Lambda^2$ expansion. We demonstrate how the inclusion of NLO QCD and $\mathcal\{O\}\left( \Lambda^\{-4\}\right)$ effects is instrumental to accurately map the posterior distributions associated to the fitted Wilson coefficients. We assess the interplay and complementarity between the top quark, Higgs, and diboson measurements, deploy a variety of statistical estimators to quantify the impact of each dataset in the parameter space, and carry out fits in BSM-inspired scenarios such as the top-philic model. Our results represent a stepping stone in the ongoing program of model-independent searches at the LHC from precision measurements, and pave the way towards yet more global SMEFT interpretations extended to other high-$p_T$ processes as well as to low-energy observables.},
   author = {Jacob J. Ethier and Giacomo Magni and Fabio Maltoni and Luca Mantani and Emanuele R. Nocera and Juan Rojo and Emma Slade and Eleni Vryonidou and Cen Zhang},
   month = {4},
   title = {Combined SMEFT interpretation of Higgs, diboson, and top quark data from the LHC},
   url = {http://arxiv.org/abs/2105.00006},
   year = {2021},
}
@article{diff_jet_crosssec_CMS_2013,
   abstract = {Measurements of inclusive jet and dijet production cross sections are presented. Data from LHC proton-proton collisions at √s=7 TeV, corresponding to 5.0 fb-1 of integrated luminosity, have been collected with the CMS detector. Jets are reconstructed up to rapidity 2.5, transverse momentum 2 TeV, and dijet invariant mass 5 TeV, using the anti-k T clustering algorithm with distance parameter R=0.7. The measured cross sections are corrected for detector effects and compared to perturbative QCD predictions at next-to-leading order, using five sets of parton distribution functions. © 2013 CERN.},
   author = {S. Chatrchyan and V. Khachatryan and A. M. Sirunyan and A. Tumasyan and W. Adam and E. Aguilo and T. Bergauer and M. Dragicevic and J. Erö and C. Fabjan and M. Friedl and R. Frühwirth and V. M. Ghete and J. Hammer and N. Hörmann and J. Hrubec and M. Jeitler and W. Kiesenhofer and V. Knünz and M. Krammer and I. Krätschmer and D. Liko and I. Mikulec and M. Pernicka and B. Rahbaran and C. Rohringer and H. Rohringer and R. Schöfbeck and J. Strauss and A. Taurok and W. Waltenberger and C. E. Wulz and V. Mossolov and N. Shumeiko and J. Suarez Gonzalez and M. Bansal and S. Bansal and T. Cornelis and E. A. De Wolf and X. Janssen and S. Luyckx and L. Mucibello and S. Ochesanu and B. Roland and R. Rougny and M. Selvaggi and H. Van Haevermaet and P. Van Mechelen and N. Van Remortel and A. Van Spilbeeck and F. Blekman and S. Blyweert and J. D'Hondt and R. Gonzalez Suarez and A. Kalogeropoulos and M. Maes and A. Olbrechts and W. Van Doninck and P. Van Mulders and G. P. Van Onsem and I. Villella and B. Clerbaux and G. De Lentdecker and V. Dero and A. P.R. Gay and T. Hreus and A. Léonard and P. E. Marage and A. Mohammadi and T. Reis and L. Thomas and C. Vander Velde and P. Vanlaer and J. Wang and V. Adler and K. Beernaert and A. Cimmino and S. Costantini and G. Garcia and M. Grunewald and B. Klein and J. Lellouch and A. Marinov and J. McCartin and A. A. Ocampo Rios and D. Ryckbosch and N. Strobbe and F. Thyssen and M. Tytgat and S. Walsh and E. Yazgan and N. Zaganidis and S. Basegmez and G. Bruno and R. Castello and L. Ceard and C. Delaere and T. Du Pree and D. Favart and L. Forthomme and A. Giammanco and J. Hollar and V. Lemaitre and J. Liao and O. Militaru and C. Nuttens and D. Pagano and A. Pin and K. Piotrzkowski and J. M. Vizan Garcia and N. Beliy and T. Caebergs and E. Daubie and G. H. Hammad and G. A. Alves and M. Correa Martins Junior and T. Martins and M. E. Pol and M. H.G. Souza and W. L. Aldá Júnior and W. Carvalho and A. Custódio and E. M. Da Costa and D. De Jesus Damiao and C. De Oliveira Martins and S. Fonseca De Souza and H. Malbouisson and M. Malek and D. Matos Figueiredo and L. Mundim and H. Nogima and W. L. Prado Da Silva and A. Santoro and L. Soares Jorge and A. Sznajder and A. Vilela Pereira and T. S. Anjos and C. A. Bernardes and F. A. Dias and T. R. Fernandez Perez Tomei and E. M. Gregores and C. Lagana and F. Marinho and P. G. Mercadante and S. F. Novaes and Sandra S. Padula and V. Genchev and P. Iaydjiev and S. Piperov and M. Rodozov and S. Stoykova and G. Sultanov and V. Tcholakov and R. Trayanov and M. Vutova and A. Dimitrov and R. Hadjiiska and V. Kozhuharov and L. Litov and B. Pavlov and P. Petkov and J. G. Bian and G. M. Chen and H. S. Chen and C. H. Jiang and D. Liang and S. Liang and X. Meng and J. Tao and J. Wang and X. Wang and Z. Wang and H. Xiao and M. Xu and J. Zang and Z. Zhang and C. Asawatangtrakuldee and Y. Ban and Y. Guo and W. Li and S. Liu and Y. Mao and S. J. Qian and H. Teng and D. Wang and L. Zhang and W. Zou and C. Avila and J. P. Gomez and B. Gomez Moreno and A. F. Osorio Oliveros and J. C. Sanabria and N. Godinovic and D. Lelas and R. Plestina and D. Polic and I. Puljak and Z. Antunovic and M. Kovac and V. Brigljevic and S. Duric and K. Kadija and J. Luetic and D. Mekterovic and S. Morovic and A. Attikis and M. Galanti and G. Mavromanolakis and J. Mousa and C. Nicolaou and F. Ptochos and P. A. Razis and M. Finger and M. Finger and Y. Assran and S. Elgammal and A. Ellithi Kamel and M. A. Mahmoud and A. Radi and M. Kadastik and M. Müntel and M. Raidal and L. Rebane and A. Tiko and P. Eerola and G. Fedi and M. Voutilainen and J. Härkönen and A. Heikkinen and V. Karimäki and R. Kinnunen and M. J. Kortelainen and T. Lampén and K. Lassila-Perini and S. Lehti and T. Lindén and P. Luukka and T. Mäenpää and T. Peltola and E. Tuominen and J. Tuominiemi and E. Tuovinen and D. Ungaro and L. Wendland and K. Banzuzi and A. Karjalainen and A. Korpela and T. Tuuva and M. Besancon and S. Choudhury and M. Dejardin and D. Denegri and B. Fabbro and J. L. Faure and F. Ferri and S. Ganjour and A. Givernaud and P. Gras and G. Hamel De Monchenault and P. Jarry and E. Locci and J. Malcles and L. Millischer and A. Nayak and J. Rander and A. Rosowsky and M. Titov and S. Baffioni and F. Beaudette and L. Benhabib and L. Bianchini and M. Bluj and P. Busson and C. Charlot and N. Daci and T. Dahms and M. Dalchenko and L. Dobrzynski and A. Florent and R. Granier De Cassagnac and M. Haguenauer and P. Miné and C. Mironov and I. N. Naranjo and M. Nguyen and C. Ochando and P. Paganini and D. Sabes and R. Salerno and Y. Sirois and C. Veelken and A. Zabi and J. L. Agram and J. Andrea and D. Bloch and D. Bodin and J. M. Brom and M. Cardaci and E. C. Chabert and C. Collard and E. Conte and F. Drouhin and J. C. Fontaine and D. Gelé and U. Goerlach and P. Juillot and A. C. Le Bihan and P. Van Hove and F. Fassi and D. Mercier and S. Beauceron and N. Beaupere and O. Bondu and G. Boudoul and J. Chasserat and R. Chierici and D. Contardo and P. Depasse and H. El Mamouni and J. Fay and S. Gascon and M. Gouzevitch and B. Ille and T. Kurca and M. Lethuillier and L. Mirabito and S. Perries and L. Sgandurra and V. Sordini and Y. Tschudi and P. Verdier and S. Viret and Z. Tsamalaidze and C. Autermann and S. Beranek and B. Calpas and M. Edelhoff and L. Feld and N. Heracleous and O. Hindrichs and R. Jussen and K. Klein and J. Merz and A. Ostapchuk and A. Perieanu and F. Raupach and J. Sammet and S. Schael and D. Sprenger and H. Weber and B. Wittmer and V. Zhukov and M. Ata and J. Caudron and E. Dietz-Laursonn and D. Duchardt and M. Erdmann and R. Fischer and A. Güth and T. Hebbeker and C. Heidemann and K. Hoepfner and D. Klingebiel and P. Kreuzer and M. Merschmeyer and A. Meyer and M. Olschewski and P. Papacz and H. Pieta and H. Reithler and S. A. Schmitz and L. Sonnenschein and J. Steggemann and D. Teyssier and S. Thüer and M. Weber and M. Bontenackels and V. Cherepanov and Y. Erdogan and G. Flügge and H. Geenen and M. Geisler and W. Haj Ahmad and F. Hoehle and B. Kargoll and T. Kress and Y. Kuessel and J. Lingemann and A. Nowack and L. Perchalla and O. Pooth and P. Sauerland and A. Stahl and M. Aldaya Martin and J. Behr and W. Behrenhoff and U. Behrens and M. Bergholz and A. Bethani and K. Borras and A. Burgmeier and A. Cakir and L. Calligaris and A. Campbell and E. Castro and F. Costanza and D. Dammann and C. Diez Pardos and G. Eckerlin and D. Eckstein and G. Flucke and A. Geiser and I. Glushkov and P. Gunnellini and S. Habib and J. Hauk and G. Hellwig and H. Jung and M. Kasemann and P. Katsas and C. Kleinwort and H. Kluge and A. Knutsson and M. Krämer and D. Krücker and E. Kuznetsova and W. Lange and J. Leonard and W. Lohmann and B. Lutz and R. Mankel and I. Marfin and M. Marienfeld and I. A. Melzer-Pellmann and A. B. Meyer and J. Mnich and A. Mussgiller and S. Naumann-Emme and O. Novgorodova and J. Olzem and H. Perrey and A. Petrukhin and D. Pitzl and A. Raspereza and P. M. Ribeiro Cipriano and C. Riedl and E. Ron and M. Rosin and J. Salfeld-Nebgen and R. Schmidt and T. Schoerner-Sadenius and N. Sen and A. Spiridonov and M. Stein and R. Walsh and C. Wissing and V. Blobel and H. Enderle and J. Erfle and U. Gebbert and M. Görner and M. Gosselink and J. Haller and T. Hermanns and R. S. Höing and K. Kaschube and G. Kaussen and H. Kirschenmann and R. Klanner and J. Lange and F. Nowak and T. Peiffer and N. Pietsch and D. Rathjens and C. Sander and H. Schettler and P. Schleper and E. Schlieckau and A. Schmidt and M. Schröder and T. Schum and M. Seidel and J. Sibille and V. Sola and H. Stadie and G. Steinbrück and J. Thomsen and L. Vanelderen and C. Barth and J. Berger and C. Böser and T. Chwalek and W. De Boer and A. Descroix and A. Dierlamm and M. Feindt and M. Guthoff and C. Hackstein and F. Hartmann and T. Hauth and M. Heinrich and H. Held and K. H. Hoffmann and U. Husemann and I. Katkov and J. R. Komaragiri and P. Lobelle Pardo and D. Martschei and S. Mueller and Th Müller and M. Niegel and A. Nürnberg and O. Oberst and A. Oehler and J. Ott and G. Quast and K. Rabbertz and F. Ratnikov and N. Ratnikova and S. Röcker and F. P. Schilling and G. Schott and H. J. Simonis and F. M. Stober and D. Troendle and R. Ulrich and J. Wagner-Kuhr and S. Wayand and T. Weiler and M. Zeise and G. Anagnostou and G. Daskalakis and T. Geralis and S. Kesisoglou and A. Kyriakis and D. Loukas and I. Manolakos and A. Markou and C. Markou and C. Mavrommatis and E. Ntomari and L. Gouskos and T. J. Mertzimekis and A. Panagiotou and N. Saoulidou and I. Evangelou and C. Foudas and P. Kokkas and N. Manthos and I. Papadopoulos and V. Patras and G. Bencze and C. Hajdu and P. Hidas and D. Horvath and F. Sikler and V. Veszpremi and G. Vesztergombi and N. Beni and S. Czellar and J. Molnar and J. Palinkas and Z. Szillasi and J. Karancsi and P. Raics and Z. L. Trocsanyi and B. Ujvari and S. B. Beri and V. Bhatnagar and N. Dhingra and R. Gupta and M. Kaur and M. Z. Mehta and N. Nishu and L. K. Saini and A. Sharma and J. B. Singh and Ashok Kumar and Arun Kumar and S. Ahuja and A. Bhardwaj and B. C. Choudhary and S. Malhotra and M. Naimuddin and K. Ranjan and V. Sharma and R. K. Shivpuri and S. Banerjee and S. Bhattacharya and S. Dutta and B. Gomber and Sa Jain and Sh Jain and R. Khurana and S. Sarkar and M. Sharan and A. Abdulsalam and D. Dutta and S. Kailas and V. Kumar and A. K. Mohanty and L. M. Pant and P. Shukla and T. Aziz and S. Ganguly and M. Guchait and A. Gurtu and M. Maity and G. Majumder and K. Mazumdar and G. B. Mohanty and B. Parida and K. Sudhakar and N. Wickramage and S. Banerjee and S. Dugad and H. Arfaei and H. Bakhshiansohi and S. M. Etesami and A. Fahim and M. Hashemi and H. Hesari and A. Jafari and M. Khakzad and M. Mohammadi Najafabadi and S. Paktinat Mehdiabadi and B. Safarzadeh and M. Zeinali and M. Abbrescia and L. Barbone and C. Calabria and S. S. Chhibra and A. Colaleo and D. Creanza and N. De Filippis and M. De Palma and L. Fiore and G. Iaselli and G. Maggi and M. Maggi and B. Marangelli and S. My and S. Nuzzo and N. Pacifico and A. Pompili and G. Pugliese and G. Selvaggi and L. Silvestris and G. Singh and R. Venditti and P. Verwilligen and G. Zito and G. Abbiendi and A. C. Benvenuti and D. Bonacorsi and S. Braibant-Giacomelli and L. Brigliadori and P. Capiluppi and A. Castro and F. R. Cavallo and M. Cuffiani and G. M. Dallavalle and F. Fabbri and A. Fanfani and D. Fasanella and P. Giacomelli and C. Grandi and L. Guiducci and S. Marcellini and G. Masetti and M. Meneghelli and A. Montanari and F. L. Navarria and F. Odorici and A. Perrotta and F. Primavera and A. M. Rossi and T. Rovelli and G. P. Siroli and N. Tosi and R. Travaglini and S. Albergo and G. Cappello and M. Chiorboli and S. Costa and R. Potenza and A. Tricomi and C. Tuve and G. Barbagli and V. Ciulli and C. Civinini and R. D'Alessandro and E. Focardi and S. Frosali and E. Gallo and S. Gonzi and M. Meschini and S. Paoletti and G. Sguazzoni and A. Tropiano and L. Benussi and S. Bianco and S. Colafranceschi and F. Fabbri and D. Piccolo and P. Fabbricatore and R. Musenich and S. Tosi and A. Benaglia and F. De Guio and L. Di Matteo and S. Fiorendi and S. Gennai and A. Ghezzi and S. Malvezzi and R. A. Manzoni and A. Martelli and A. Massironi and D. Menasce and L. Moroni and M. Paganoni and D. Pedrini and S. Ragazzi and N. Redaelli and S. Sala and T. Tabarelli De Fatis and S. Buontempo and C. A. Carrillo Montoya and N. Cavallo and A. De Cosa and O. Dogangun and F. Fabozzi and A. O.M. Iorio and L. Lista and S. Meola and M. Merola and P. Paolucci and P. Azzi and N. Bacchetta and D. Bisello and A. Branca and R. Carlin and P. Checchia and T. Dorigo and F. Gasparini and U. Gasparini and A. Gozzelino and K. Kanishchev and S. Lacaprara and I. Lazzizzera and M. Margoni and A. T. Meneguzzo and J. Pazzini and N. Pozzobon and P. Ronchese and M. Sgaravatto and F. Simonetto and E. Torassa and M. Tosi and S. Vanini and P. Zotto and G. Zumerle and M. Gabusi and S. P. Ratti and C. Riccardi and P. Torre and P. Vitulo and M. Biasini and G. M. Bilei and L. Fanò and P. Lariccia and G. Mantovani and M. Menichelli and A. Nappi and F. Romeo and A. Saha and A. Santocchia and A. Spiezia and S. Taroni and P. Azzurri and G. Bagliesi and J. Bernardini and T. Boccali and G. Broccolo and R. Castaldi and R. T. D'Agnolo and R. Dell'Orso and F. Fiori and L. Foà and A. Giassi and A. Kraan and F. Ligabue and T. Lomtadze and L. Martini and A. Messineo and F. Palla and A. Rizzi and A. T. Serban and P. Spagnolo and P. Squillacioti and R. Tenchini and G. Tonelli and A. Venturi and P. G. Verdini and L. Barone and F. Cavallari and D. Del Re and M. Diemoz and C. Fanelli and M. Grassi and E. Longo and P. Meridiani and F. Micheli and S. Nourbakhsh and G. Organtini and R. Paramatti and S. Rahatlou and M. Sigamani and L. Soffi and N. Amapane and R. Arcidiacono and S. Argiro and M. Arneodo and C. Biino and N. Cartiglia and S. Casasso and M. Costa and N. Demaria and C. Mariotti and S. Maselli and E. Migliore and V. Monaco and M. Musich and M. M. Obertino and N. Pastrone and M. Pelliccioni and A. Potenza and A. Romero and M. Ruspa and R. Sacchi and A. Solano and A. Staiano and S. Belforte and V. Candelise and M. Casarsa and F. Cossutti and G. Della Ricca and B. Gobbo and M. Marone and D. Montanino and A. Penzo and A. Schizzi and T. Y. Kim and S. K. Nam and S. Chang and D. H. Kim and G. N. Kim and D. J. Kong and H. Park and D. C. Son and T. Son and J. Y. Kim and Zero J. Kim and S. Song and S. Choi and D. Gyun and B. Hong and M. Jo and H. Kim and T. J. Kim and K. S. Lee and D. H. Moon and S. K. Park and M. Choi and J. H. Kim and C. Park and I. C. Park and S. Park and G. Ryu and Y. Choi and Y. K. Choi and J. Goh and M. S. Kim and E. Kwon and B. Lee and J. Lee and S. Lee and H. Seo and I. Yu and M. J. Bilinskas and I. Grigelionis and M. Janulis and A. Juodagalvis and H. Castilla-Valdez and E. De La Cruz-Burelo and I. Heredia-De La Cruz and R. Lopez-Fernandez and J. Martínez-Ortega and A. Sanchez-Hernandez and L. M. Villasenor-Cendejas and S. Carrillo Moreno and F. Vazquez Valencia and H. A. Salazar Ibarguen and E. Casimiro Linares and A. Morelos Pineda and M. A. Reyes-Santos and D. Krofcheck and A. J. Bell and P. H. Butler and R. Doesburg and S. Reucroft and H. Silverwood and M. Ahmad and M. I. Asghar and J. Butt and H. R. Hoorani and S. Khalid and W. A. Khan and T. Khurshid and S. Qazi and M. A. Shah and M. Shoaib and H. Bialkowska and B. Boimska and T. Frueboes and M. Górski and M. Kazana and K. Nawrocki and K. Romanowska-Rybinska and M. Szleper and G. Wrochna and P. Zalewski and G. Brona and K. Bunkowski and M. Cwiok and W. Dominik and K. Doroba and A. Kalinowski and M. Konecki and J. Krolikowski and M. Misiura and N. Almeida and P. Bargassa and A. David and P. Faccioli and P. G. Ferreira Parracho and M. Gallinaro and J. Seixas and J. Varela and P. Vischia and P. Bunin and M. Gavrilenko and I. Golutvin and I. Gorbunov and V. Karjavin and V. Konoplyanikov and G. Kozlov and A. Lanev and A. Malakhov and P. Moisenz and V. Palichik and V. Perelygin and S. Shmatov and S. Shulha and V. Smirnov and A. Volodko and A. Zarubin and S. Evstyukhin and V. Golovtsov and Y. Ivanov and V. Kim and P. Levchenko and V. Murzin and V. Oreshkin and I. Smirnov and V. Sulimov and L. Uvarov and S. Vavilov and A. Vorobyev and An Vorobyev and Yu Andreev and A. Dermenev and S. Gninenko and N. Golubev and M. Kirsanov and N. Krasnikov and V. Matveev and A. Pashenkov and D. Tlisov and A. Toropin and V. Epshteyn and M. Erofeeva and V. Gavrilov and M. Kossov and N. Lychkovskaya and V. Popov and G. Safronov and S. Semenov and I. Shreyber and V. Stolin and E. Vlasov and A. Zhokin and A. Belyaev and E. Boos and M. Dubinin and L. Dudko and A. Ershov and A. Gribushin and V. Klyukhin and O. Kodolova and I. Lokhtin and A. Markina and S. Obraztsov and M. Perfilov and S. Petrushanko and A. Popov and L. Sarycheva and V. Savrin and A. Snigirev and V. Andreev and M. Azarkin and I. Dremin and M. Kirakosyan and A. Leonidov and G. Mesyats and S. V. Rusakov and A. Vinogradov and I. Azhgirey and I. Bayshev and S. Bitioukov and V. Grishin and V. Kachanov and D. Konstantinov and V. Krychkine and V. Petrov and R. Ryutin and A. Sobol and L. Tourtchanovitch and S. Troshin and N. Tyurin and A. Uzunian and A. Volkov and P. Adzic and M. Djordjevic and M. Ekmedzic and D. Krpic and J. Milosevic and M. Aguilar-Benitez and J. Alcaraz Maestre and P. Arce and C. Battilana and E. Calvo and M. Cerrada and M. Chamizo Llatas and N. Colino and B. De La Cruz and A. Delgado Peris and D. Domínguez Vázquez and C. Fernandez Bedoya and J. P. Fernández Ramos and A. Ferrando and J. Flix and M. C. Fouz and P. Garcia-Abia and O. Gonzalez Lopez and S. Goy Lopez and J. M. Hernandez and M. I. Josa and G. Merino and J. Puerta Pelayo and A. Quintario Olmeda and I. Redondo and L. Romero and J. Santaolalla and M. S. Soares and C. Willmott and C. Albajar and G. Codispoti and J. F. De Trocóniz and H. Brun and J. Cuevas and J. Fernandez Menendez and S. Folgueras and I. Gonzalez Caballero and L. Lloret Iglesias and J. Piedra Gomez and J. A. Brochero Cifuentes and I. J. Cabrillo and A. Calderon and S. H. Chuang and J. Duarte Campderros and M. Felcini and M. Fernandez and G. Gomez and J. Gonzalez Sanchez and A. Graziano and C. Jorda and A. Lopez Virto and J. Marco and R. Marco and C. Martinez Rivero and F. Matorras and F. J. Munoz Sanchez and T. Rodrigo and A. Y. Rodríguez-Marrero and A. Ruiz-Jimeno and L. Scodellaro and I. Vila and R. Vilar Cortabitarte and D. Abbaneo and E. Auffray and G. Auzinger and M. Bachtis and P. Baillon and A. H. Ball and D. Barney and J. F. Benitez and C. Bernet and G. Bianchi and P. Bloch and A. Bocci and A. Bonato and C. Botta and H. Breuker and T. Camporesi and G. Cerminara and T. Christiansen and J. A. Coarasa Perez and D. D'Enterria and A. Dabrowski and A. De Roeck and S. Di Guida and M. Dobson and N. Dupont-Sagorin and A. Elliott-Peisert and B. Frisch and W. Funk and G. Georgiou and M. Giffels and D. Gigi and K. Gill and D. Giordano and M. Girone and M. Giunta and F. Glege and R. Gomez-Reino Garrido and P. Govoni and S. Gowdy and R. Guida and S. Gundacker and M. Hansen and P. Harris and C. Hartl and J. Harvey and B. Hegner and A. Hinzmann and V. Innocente and P. Janot and K. Kaadze and E. Karavakis and K. Kousouris and P. Lecoq and Y. J. Lee and P. Lenzi and C. Lourenço and N. Magini and T. Mäki and M. Malberti and L. Malgeri and M. Mannelli and L. Masetti and F. Meijers and S. Mersi and E. Meschi and R. Moser and M. U. Mozer and M. Mulders and P. Musella and E. Nesvold and T. Orimoto and L. Orsini and E. Palencia Cortezon and E. Perez and L. Perrozzi and A. Petrilli and A. Pfeiffer and M. Pierini and M. Pimiä and D. Piparo and G. Polese and L. Quertenmont and A. Racz and W. Reece and J. Rodrigues Antunes and J. Rojo and G. Rolandi and C. Rovelli and M. Rovere and H. Sakulin and F. Santanastasio and C. Schäfer and C. Schwick and I. Segoni and S. Sekmen and A. Sharma and P. Siegrist and P. Silva and M. Simon and P. Sphicas and D. Spiga and A. Tsirou and G. I. Veres and J. R. Vlimant and H. K. Wöhri and S. D. Worm and W. D. Zeuner and W. Bertl and K. Deiters and W. Erdmann and K. Gabathuler and R. Horisberger and Q. Ingram and H. C. Kaestli and S. König and D. Kotlinski and U. Langenegger and F. Meier and D. Renker and T. Rohe and L. Bäni and P. Bortignon and M. A. Buchmann and B. Casal and N. Chanon and A. Deisher and G. Dissertori and M. Dittmar and M. Donegà and M. Dünser and J. Eugster and K. Freudenreich and C. Grab and D. Hits and P. Lecomte and W. Lustermann and A. C. Marini and P. Martinez Ruiz Del Arbol and N. Mohr and F. Moortgat and C. Nägeli and P. Nef and F. Nessi-Tedaldi and F. Pandolfi and L. Pape and F. Pauss and M. Peruzzi and F. J. Ronga and M. Rossini and L. Sala and A. K. Sanchez and A. Starodumov and B. Stieger and M. Takahashi and L. Tauscher and A. Thea and K. Theofilatos and D. Treille and C. Urscheler and R. Wallny and H. A. Weber and L. Wehrli and C. Amsler and V. Chiochia and S. De Visscher and C. Favaro and M. Ivova Rikova and B. Kilminster and B. Millan Mejias and P. Otiougova and P. Robmann and H. Snoek and S. Tupputi and M. Verzetti and Y. H. Chang and K. H. Chen and C. Ferro and C. M. Kuo and S. W. Li and W. Lin and Y. J. Lu and A. P. Singh and R. Volpe and S. S. Yu and P. Bartalini and P. Chang and Y. H. Chang and Y. W. Chang and Y. Chao and K. F. Chen and C. Dietz and U. Grundler and W. S. Hou and Y. Hsiung and K. Y. Kao and Y. J. Lei and R. S. Lu and D. Majumder and E. Petrakou and X. Shi and J. G. Shiu and Y. M. Tzeng and X. Wan and M. Wang and B. Asavapibhop and N. Srimanobhas and A. Adiguzel and M. N. Bakirci and S. Cerci and C. Dozen and I. Dumanoglu and E. Eskut and S. Girgis and G. Gokbulut and E. Gurpinar and I. Hos and E. E. Kangal and T. Karaman and G. Karapinar and A. Kayis Topaksu and G. Onengut and K. Ozdemir and S. Ozturk and A. Polatoz and K. Sogut and D. Sunar Cerci and B. Tali and H. Topakli and L. N. Vergili and M. Vergili and I. V. Akin and T. Aliev and B. Bilin and S. Bilmis and M. Deniz and H. Gamsizkan and A. M. Guler and K. Ocalan and A. Ozpineci and M. Serin and R. Sever and U. E. Surat and M. Yalvac and E. Yildirim and M. Zeyrek and E. Gülmez and B. Isildak and M. Kaya and O. Kaya and S. Ozkorucuklu and N. Sonmez and K. Cankocak and L. Levchuk and J. J. Brooke and E. Clement and D. Cussans and H. Flacher and R. Frazier and J. Goldstein and M. Grimes and G. P. Heath and H. F. Heath and L. Kreczko and S. Metson and D. M. Newbold and K. Nirunpong and A. Poll and S. Senkin and V. J. Smith and T. Williams and L. Basso and K. W. Bell and A. Belyaev and C. Brew and R. M. Brown and D. J.A. Cockerill and J. A. Coughlan and K. Harder and S. Harper and J. Jackson and B. W. Kennedy and E. Olaiya and D. Petyt and B. C. Radburn-Smith and C. H. Shepherd-Themistocleous and I. R. Tomalin and W. J. Womersley and R. Bainbridge and G. Ball and R. Beuselinck and O. Buchmuller and D. Colling and N. Cripps and M. Cutajar and P. Dauncey and G. Davies and M. Della Negra and W. Ferguson and J. Fulcher and D. Futyan and A. Gilbert and A. Guneratne Bryer and G. Hall and Z. Hatherell and J. Hays and G. Iles and M. Jarvis and G. Karapostoli and L. Lyons and A. M. Magnan and J. Marrouche and B. Mathias and R. Nandi and J. Nash and A. Nikitenko and A. Papageorgiou and J. Pela and M. Pesaresi and K. Petridis and M. Pioppi and D. M. Raymond and S. Rogerson and A. Rose and M. J. Ryan and C. Seez and P. Sharp and A. Sparrow and M. Stoye and A. Tapper and M. Vazquez Acosta and T. Virdee and S. Wakefield and N. Wardle and T. Whyntie and M. Chadwick and J. E. Cole and P. R. Hobson and A. Khan and P. Kyberd and D. Leggat and D. Leslie and W. Martin and I. D. Reid and P. Symonds and L. Teodorescu and M. Turner and K. Hatakeyama and H. Liu and T. Scarborough and O. Charaf and C. Henderson and P. Rumerio and A. Avetisyan and T. Bose and C. Fantasia and A. Heister and J. St. John and P. Lawson and D. Lazic and J. Rohlf and D. Sperka and L. Sulak and J. Alimena and S. Bhattacharya and G. Christopher and D. Cutts and Z. Demiragli and A. Ferapontov and A. Garabedian and U. Heintz and S. Jabeen and G. Kukartsev and E. Laird and G. Landsberg and M. Luk and M. Narain and D. Nguyen and M. Segala and T. Sinthuprasith and T. Speer and R. Breedon and G. Breto and M. Calderon De La Barca Sanchez and S. Chauhan and M. Chertok and J. Conway and R. Conway and P. T. Cox and J. Dolen and R. Erbacher and M. Gardner and R. Houtz and W. Ko and A. Kopecky and R. Lander and O. Mall and T. Miceli and D. Pellett and F. Ricci-Tam and B. Rutherford and M. Searle and J. Smith and M. Squires and M. Tripathi and R. Vasquez Sierra and R. Yohay and V. Andreev and D. Cline and R. Cousins and J. Duris and S. Erhan and P. Everaerts and C. Farrell and J. Hauser and M. Ignatenko and C. Jarvis and G. Rakness and P. Schlein and P. Traczyk and V. Valuev and M. Weber and J. Babb and R. Clare and M. E. Dinardo and J. Ellison and J. W. Gary and F. Giordano and G. Hanson and H. Liu and O. R. Long and A. Luthra and H. Nguyen and S. Paramesvaran and J. Sturdy and S. Sumowidagdo and R. Wilken and S. Wimpenny and W. Andrews and J. G. Branson and G. B. Cerati and S. Cittolin and D. Evans and A. Holzner and R. Kelley and M. Lebourgeois and J. Letts and I. Macneill and B. Mangano and S. Padhi and C. Palmer and G. Petrucciani and M. Pieri and M. Sani and V. Sharma and S. Simon and E. Sudano and M. Tadel and Y. Tu and A. Vartak and S. Wasserbaech and F. Würthwein and A. Yagil and J. Yoo and D. Barge and R. Bellan and C. Campagnari and M. D'Alfonso and T. Danielson and K. Flowers and P. Geffert and F. Golf and J. Incandela and C. Justus and P. Kalavase and D. Kovalskyi and V. Krutelyov and S. Lowette and R. Magaña Villalba and N. McColl and V. Pavlunin and J. Ribnik and J. Richman and R. Rossin and D. Stuart and W. To and C. West and A. Apresyan and A. Bornheim and Y. Chen and E. Di Marco and J. Duarte and M. Gataullin and Y. Ma and A. Mott and H. B. Newman and C. Rogan and M. Spiropulu and V. Timciuc and J. Veverka and R. Wilkinson and S. Xie and Y. Yang and R. Y. Zhu and V. Azzolini and A. Calamba and R. Carroll and T. Ferguson and Y. Iiyama and D. W. Jang and Y. F. Liu and M. Paulini and H. Vogel and I. Vorobiev and J. P. Cumalat and B. R. Drell and W. T. Ford and A. Gaz and E. Luiggi Lopez and J. G. Smith and K. Stenson and K. A. Ulmer and S. R. Wagner and J. Alexander and A. Chatterjee and N. Eggert and L. K. Gibbons and B. Heltsley and A. Khukhunaishvili and B. Kreis and N. Mirman and G. Nicolas Kaufman and J. R. Patterson and A. Ryd and E. Salvati and W. Sun and W. D. Teo and J. Thom and J. Thompson and J. Tucker and J. Vaughan and Y. Weng and L. Winstrom and P. Wittich and D. Winn and S. Abdullin and M. Albrow and J. Anderson and L. A.T. Bauerdick and A. Beretvas and J. Berryhill and P. C. Bhat and K. Burkett and J. N. Butler and V. Chetluru and H. W.K. Cheung and F. Chlebana and V. D. Elvira and I. Fisk and J. Freeman and Y. Gao and D. Green and O. Gutsche and J. Hanlon and R. M. Harris and J. Hirschauer and B. Hooberman and S. Jindariani and M. Johnson and U. Joshi and B. Klima and S. Kunori and S. Kwan and C. Leonidopoulos and J. Linacre and D. Lincoln and R. Lipton and J. Lykken and K. Maeshima and J. M. Marraffino and S. Maruyama and D. Mason and P. McBride and K. Mishra and S. Mrenna and Y. Musienko and C. Newman-Holmes and V. O'Dell and O. Prokofyev and E. Sexton-Kennedy and S. Sharma and W. J. Spalding and L. Spiegel and L. Taylor and S. Tkaczyk and N. V. Tran and L. Uplegger and E. W. Vaandering and R. Vidal and J. Whitmore and W. Wu and F. Yang and J. C. Yun and D. Acosta and P. Avery and D. Bourilkov and M. Chen and T. Cheng and S. Das and M. De Gruttola and G. P. Di Giovanni and D. Dobur and A. Drozdetskiy and R. D. Field and M. Fisher and Y. Fu and I. K. Furic and J. Gartner and J. Hugon and B. Kim and J. Konigsberg and A. Korytov and A. Kropivnitskaya and T. Kypreos and J. F. Low and K. Matchev and P. Milenovic and G. Mitselmakher and L. Muniz and M. Park and R. Remington and A. Rinkevicius and P. Sellers and N. Skhirtladze and M. Snowball and J. Yelton and M. Zakaria and V. Gaultney and S. Hewamanage and L. M. Lebolo and S. Linn and P. Markowitz and G. Martinez and J. L. Rodriguez and T. Adams and A. Askew and J. Bochenek and J. Chen and B. Diamond and S. V. Gleyzer and J. Haas and S. Hagopian and V. Hagopian and M. Jenkins and K. F. Johnson and H. Prosper and V. Veeraraghavan and M. Weinberg and M. M. Baarmand and B. Dorney and M. Hohlmann and H. Kalakhety and I. Vodopiyanov and F. Yumiceva and M. R. Adams and I. M. Anghel and L. Apanasevich and Y. Bai and V. E. Bazterra and R. R. Betts and I. Bucinskaite and J. Callner and R. Cavanaugh and O. Evdokimov and L. Gauthier and C. E. Gerber and D. J. Hofman and S. Khalatyan and F. Lacroix and C. O'Brien and C. Silkworth and D. Strom and P. Turner and N. Varelas and U. Akgun and E. A. Albayrak and B. Bilki and W. Clarida and F. Duru and J. P. Merlo and H. Mermerkaya and A. Mestvirishvili and A. Moeller and J. Nachtman and C. R. Newsom and E. Norbeck and Y. Onel and F. Ozok and S. Sen and P. Tan and E. Tiras and J. Wetzel and T. Yetkin and K. Yi and B. A. Barnett and B. Blumenfeld and S. Bolognesi and D. Fehling and G. Giurgiu and A. V. Gritsan and Z. J. Guo and G. Hu and P. Maksimovic and M. Swartz and A. Whitbeck and P. Baringer and A. Bean and G. Benelli and R. P. Kenny and M. Murray and D. Noonan and S. Sanders and R. Stringer and G. Tinti and J. S. Wood and A. F. Barfuss and T. Bolton and I. Chakaberia and A. Ivanov and S. Khalil and M. Makouski and Y. Maravin and S. Shrestha and I. Svintradze and J. Gronberg and D. Lange and F. Rebassoo and D. Wright and A. Baden and B. Calvert and S. C. Eno and J. A. Gomez and N. J. Hadley and R. G. Kellogg and M. Kirn and T. Kolberg and Y. Lu and M. Marionneau and A. C. Mignerey and K. Pedro and A. Skuja and J. Temple and M. B. Tonjes and S. C. Tonwar and A. Apyan and G. Bauer and J. Bendavid and W. Busza and E. Butz and I. A. Cali and M. Chan and V. Dutta and G. Gomez Ceballos and M. Goncharov and Y. Kim and M. Klute and K. Krajczar and A. Levin and P. D. Luckey and T. Ma and S. Nahn and C. Paus and D. Ralph and C. Roland and G. Roland and M. Rudolph and G. S.F. Stephans and F. Stöckli and K. Sumorok and K. Sung and D. Velicanu and E. A. Wenger and R. Wolf and B. Wyslouch and M. Yang and Y. Yilmaz and A. S. Yoon and M. Zanetti and V. Zhukova and S. I. Cooper and B. Dahmes and A. De Benedetti and G. Franzoni and A. Gude and S. C. Kao and K. Klapoetke and Y. Kubota and J. Mans and N. Pastika and R. Rusack and M. Sasseville and A. Singovsky and N. Tambe and J. Turkewitz and L. M. Cremaldi and R. Kroeger and L. Perera and R. Rahmat and D. A. Sanders and E. Avdeeva and K. Bloom and S. Bose and D. R. Claes and A. Dominguez and M. Eads and J. Keller and I. Kravchenko and J. Lazo-Flores and S. Malik and G. R. Snow and A. Godshalk and I. Iashvili and S. Jain and A. Kharchilava and A. Kumar and S. Rappoccio and G. Alverson and E. Barberis and D. Baumgartel and M. Chasco and J. Haley and D. Nash and D. Trocino and D. Wood and J. Zhang and A. Anastassov and K. A. Hahn and A. Kubik and L. Lusito and N. Mucia and N. Odell and R. A. Ofierzynski and B. Pollack and A. Pozdnyakov and M. Schmitt and S. Stoynev and M. Velasco and S. Won and L. Antonelli and D. Berry and A. Brinkerhoff and K. M. Chan and M. Hildreth and C. Jessop and D. J. Karmgard and J. Kolb and K. Lannon and W. Luo and S. Lynch and N. Marinelli and D. M. Morse and T. Pearson and M. Planer and R. Ruchti and J. Slaunwhite and N. Valls and M. Wayne and M. Wolf and B. Bylsma and L. S. Durkin and C. Hill and R. Hughes and K. Kotov and T. Y. Ling and D. Puigh and M. Rodenburg and C. Vuosalo and G. Williams and B. L. Winer and E. Berry and P. Elmer and V. Halyo and P. Hebda and J. Hegeman and A. Hunt and P. Jindal and S. A. Koay and D. Lopes Pegna and P. Lujan and D. Marlow and T. Medvedeva and M. Mooney and J. Olsen and P. Piroué and X. Quan and A. Raval and H. Saka and D. Stickland and C. Tully and J. S. Werner and A. Zuranski and E. Brownson and A. Lopez and H. Mendez and J. E. Ramirez Vargas and E. Alagoz and V. E. Barnes and D. Benedetti and G. Bolla and D. Bortoletto and M. De Mattia and A. Everett and Z. Hu and M. Jones and O. Koybasi and M. Kress and A. T. Laasanen and N. Leonardo and V. Maroussov and P. Merkel and D. H. Miller and N. Neumeister and I. Shipsey and D. Silvers and A. Svyatkovskiy and M. Vidal Marono and H. D. Yoo and J. Zablocki and Y. Zheng and S. Guragain and N. Parashar and A. Adair and B. Akgun and C. Boulahouache and K. M. Ecklund and F. J.M. Geurts and W. Li and B. P. Padley and R. Redjimi and J. Roberts and J. Zabel and B. Betchart and A. Bodek and Y. S. Chung and R. Covarelli and P. De Barbaro and R. Demina and Y. Eshaq and T. Ferbel and A. Garcia-Bellido and P. Goldenzweig and J. Han and A. Harel and D. C. Miner and D. Vishnevskiy and M. Zielinski and A. Bhatti and R. Ciesielski and L. Demortier and K. Goulianos and G. Lungu and S. Malik and C. Mesropian and S. Arora and A. Barker and J. P. Chou and C. Contreras-Campana and E. Contreras-Campana and D. Duggan and D. Ferencek and Y. Gershtein and R. Gray and E. Halkiadakis and D. Hidas and A. Lath and S. Panwalkar and M. Park and R. Patel and V. Rekovic and J. Robles and K. Rose and S. Salur and S. Schnetzer and C. Seitz and S. Somalwar and R. Stone and S. Thomas and M. Walker and G. Cerizza and M. Hollingsworth and S. Spanier and Z. C. Yang and A. York and R. Eusebi and W. Flanagan and J. Gilmore and T. Kamon and V. Khotilovich and R. Montalvo and I. Osipenkov and Y. Pakhotin and A. Perloff and J. Roe and A. Safonov and T. Sakuma and S. Sengupta and I. Suarez and A. Tatarinov and D. Toback and N. Akchurin and J. Damgov and C. Dragoiu and P. R. Dudero and C. Jeong and K. Kovitanggoon and S. W. Lee and T. Libeiro and Y. Roh and I. Volobouev and E. Appelt and A. G. Delannoy and C. Florez and S. Greene and A. Gurrola and W. Johns and P. Kurt and C. Maguire and A. Melo and M. Sharma and P. Sheldon and B. Snook and S. Tuo and J. Velkovska and M. W. Arenton and M. Balazs and S. Boutle and B. Cox and B. Francis and J. Goodell and R. Hirosky and A. Ledovskoy and C. Lin and C. Neu and J. Wood and S. Gollapinni and R. Harr and P. E. Karchin and C. Kottachchi Kankanamge Don and P. Lamichhane and A. Sakharov and M. Anderson and D. A. Belknap and L. Borrello and D. Carlsmith and M. Cepeda and S. Dasu and E. Friis and L. Gray and K. S. Grogg and M. Grothe and R. Hall-Wilton and M. Herndon and A. Hervé and P. Klabbers and J. Klukas and A. Lanaro and C. Lazaridis and R. Loveless and A. Mohapatra and I. Ojalvo and F. Palmonari and G. A. Pierro and I. Ross and A. Savin and W. H. Smith and J. Swanson},
   doi = {10.1103/PhysRevD.87.112002},
   issn = {15507998},
   issue = {11},
   journal = {Physical Review D - Particles, Fields, Gravitation and Cosmology},
   month = {6},
   title = {Measurements of differential jet cross sections in proton-proton collisions at √s=7 TeV with the CMS detector},
   volume = {87},
   year = {2013},
}
@article{Khachatryan2011,
   abstract = {Dijet angular distributions are measured over a wide range of dijet invariant masses in pp collisions at √s=7TeV, at the CERN LHC. The event sample, recorded with the CMS detector, corresponds to an integrated luminosity of 36pb-1. The data are found to be in good agreement with the predictions of perturbative QCD, and yield no evidence of quark compositeness. With a modified frequentist approach, a lower limit on the contact interaction scale for left-handed quarks of Λ+=5.6TeV (Λ -=6.7TeV) for destructive (constructive) interference is obtained at the 95% confidence level. © 2011 American Physical Society.},
   author = {V. Khachatryan and A. M. Sirunyan and A. Tumasyan and W. Adam and T. Bergauer and M. Dragicevic and J. Erö and C. Fabjan and M. Friedl and R. Frühwirth and V. M. Ghete and J. Hammer and S. Hänsel and C. Hartl and M. Hoch and N. Hörmann and J. Hrubec and M. Jeitler and G. Kasieczka and W. Kiesenhofer and M. Krammer and D. Liko and I. Mikulec and M. Pernicka and H. Rohringer and R. Schöfbeck and J. Strauss and A. Taurok and F. Teischinger and P. Wagner and W. Waltenberger and G. Walzel and E. Widl and C. E. Wulz and V. Mossolov and N. Shumeiko and J. Suarez Gonzalez and L. Benucci and K. Cerny and E. A. De Wolf and X. Janssen and T. Maes and L. Mucibello and S. Ochesanu and B. Roland and R. Rougny and M. Selvaggi and H. Van Haevermaet and P. Van Mechelen and N. Van Remortel and S. Beauceron and F. Blekman and S. Blyweert and J. D'hondt and O. Devroede and R. Gonzalez Suarez and A. Kalogeropoulos and J. Maes and M. Maes and S. Tavernier and W. Van Doninck and P. Van Mulders and G. P. Van Onsem and I. Villella and O. Charaf and B. Clerbaux and G. De Lentdecker and V. Dero and A. P.R. Gay and G. H. Hammad and T. Hreus and P. E. Marage and L. Thomas and C. Vander Velde and P. Vanlaer and J. Wickens and V. Adler and S. Costantini and M. Grunewald and B. Klein and A. Marinov and J. Mccartin and D. Ryckbosch and F. Thyssen and M. Tytgat and L. Vanelderen and P. Verwilligen and S. Walsh and N. Zaganidis and S. Basegmez and G. Bruno and J. Caudron and L. Ceard and J. De Favereau De Jeneret and C. Delaere and P. Demin and D. Favart and A. Giammanco and G. Grégoire and J. Hollar and V. Lemaitre and J. Liao and O. Militaru and S. Ovyn and D. Pagano and A. Pin and K. Piotrzkowski and N. Schul and N. Beliy and T. Caebergs and E. Daubie and G. A. Alves and D. De Jesus Damiao and M. E. Pol and M. H.G. Souza and W. Carvalho and E. M. Da Costa and C. De Oliveira Martins and S. Fonseca De Souza and L. Mundim and H. Nogima and V. Oguri and W. L. Prado Da Silva and A. Santoro and S. M. Silva Do Amaral and A. Sznajder and F. Torres Da Silva De Araujo and F. A. Dias and M. A.F. Dias and T. R. Fernandez Perez Tomei and E. M. Gregores and F. Marinho and S. F. Novaes and Sandra S. Padula and N. Darmenov and L. Dimitrov and V. Genchev and P. Iaydjiev and S. Piperov and M. Rodozov and S. Stoykova and G. Sultanov and V. Tcholakov and R. Trayanov and I. Vankov and M. Dyulendarova and R. Hadjiiska and V. Kozhuharov and L. Litov and E. Marinova and M. Mateev and B. Pavlov and P. Petkov and J. G. Bian and G. M. Chen and H. S. Chen and C. H. Jiang and D. Liang and S. Liang and J. Wang and J. Wang and X. Wang and Z. Wang and M. Xu and M. Yang and J. Zang and Z. Zhang and Y. Ban and S. Guo and Y. Guo and W. Li and Y. Mao and S. J. Qian and H. Teng and L. Zhang and B. Zhu and W. Zou and A. Cabrera and B. Gomez Moreno and A. A. Ocampo Rios and A. F. Osorio Oliveros and J. C. Sanabria and N. Godinovic and D. Lelas and K. Lelas and R. Plestina and D. Polic and I. Puljak and Z. Antunovic and M. Dzelalija and V. Brigljevic and S. Duric and K. Kadija and S. Morovic and A. Attikis and M. Galanti and J. Mousa and C. Nicolaou and F. Ptochos and P. A. Razis and H. Rykaczewski and M. Finger and M. Finger and Y. Assran and M. A. Mahmoud and A. Hektor and M. Kadastik and K. Kannike and M. Müntel and M. Raidal and L. Rebane and V. Azzolini and P. Eerola and S. Czellar and J. Härkönen and A. Heikkinen and V. Karimäki and R. Kinnunen and J. Klem and M. J. Kortelainen and T. Lampén and K. Lassila-Perini and S. Lehti and T. Lindén and P. Luukka and T. Mäenpää and E. Tuominen and J. Tuominiemi and E. Tuovinen and D. Ungaro and L. Wendland and K. Banzuzi and A. Korpela and T. Tuuva and D. Sillou and M. Besancon and S. Choudhury and M. Dejardin and D. Denegri and B. Fabbro and J. L. Faure and F. Ferri and S. Ganjour and F. X. Gentit and A. Givernaud and P. Gras and G. Hamel De Monchenault and P. Jarry and E. Locci and J. Malcles and M. Marionneau and L. Millischer and J. Rander and A. Rosowsky and I. Shreyber and M. Titov and P. Verrecchia and S. Baffioni and F. Beaudette and L. Bianchini and M. Bluj and C. Broutin and P. Busson and C. Charlot and T. Dahms and L. Dobrzynski and R. Granier De Cassagnac and M. Haguenauer and P. Miné and C. Mironov and C. Ochando and P. Paganini and D. Sabes and R. Salerno and Y. Sirois and C. Thiebaux and B. Wyslouch and A. Zabi and J. L. Agram and J. Andrea and A. Besson and D. Bloch and D. Bodin and J. M. Brom and M. Cardaci and E. C. Chabert and C. Collard and E. Conte and F. Drouhin and C. Ferro and J. C. Fontaine and D. Gelé and U. Goerlach and S. Greder and P. Juillot and M. Karim and A. C. Le Bihan and Y. Mikami and P. Van Hove and F. Fassi and D. Mercier and C. Baty and N. Beaupere and M. Bedjidian and O. Bondu and G. Boudoul and D. Boumediene and H. Brun and N. Chanon and R. Chierici and D. Contardo and P. Depasse and H. El Mamouni and A. Falkiewicz and J. Fay and S. Gascon and B. Ille and T. Kurca and T. Le Grand and M. Lethuillier and L. Mirabito and S. Perries and V. Sordini and S. Tosi and Y. Tschudi and P. Verdier and H. Xiao and L. Megrelidze and V. Roinishvili and D. Lomidze and G. Anagnostou and M. Edelhoff and L. Feld and N. Heracleous and O. Hindrichs and R. Jussen and K. Klein and J. Merz and N. Mohr and A. Ostapchuk and A. Perieanu and F. Raupach and J. Sammet and S. Schael and D. Sprenger and H. Weber and M. Weber and B. Wittmer and M. Ata and W. Bender and M. Erdmann and J. Frangenheim and T. Hebbeker and A. Hinzmann and K. Hoepfner and C. Hof and T. Klimkovich and D. Klingebiel and P. Kreuzer and D. Lanske and C. Magass and G. Masetti and M. Merschmeyer and A. Meyer and P. Papacz and H. Pieta and H. Reithler and S. A. Schmitz and L. Sonnenschein and J. Steggemann and D. Teyssier and M. Bontenackels and M. Davids and M. Duda and G. Flügge and H. Geenen and M. Giffels and W. Haj Ahmad and D. Heydhausen and T. Kress and Y. Kuessel and A. Linn and A. Nowack and L. Perchalla and O. Pooth and J. Rennefeld and P. Sauerland and A. Stahl and M. Thomas and D. Tornier and M. H. Zoeller and M. Aldaya Martin and W. Behrenhoff and U. Behrens and M. Bergholz and K. Borras and A. Cakir and A. Campbell and E. Castro and D. Dammann and G. Eckerlin and D. Eckstein and A. Flossdorf and G. Flucke and A. Geiser and I. Glushkov and J. Hauk and H. Jung and M. Kasemann and I. Katkov and P. Katsas and C. Kleinwort and H. Kluge and A. Knutsson and D. Krücker and E. Kuznetsova and W. Lange and W. Lohmann and R. Mankel and M. Marienfeld and I. A. Melzer-Pellmann and A. B. Meyer and J. Mnich and A. Mussgiller and J. Olzem and A. Parenti and A. Raspereza and A. Raval and R. Schmidt and T. Schoerner-Sadenius and N. Sen and M. Stein and J. Tomaszewska and D. Volyanskyy and R. Walsh and C. Wissing and C. Autermann and S. Bobrovskyi and J. Draeger and H. Enderle and U. Gebbert and K. Kaschube and G. Kaussen and R. Klanner and J. Lange and B. Mura and S. Naumann-Emme and F. Nowak and N. Pietsch and C. Sander and H. Schettler and P. Schleper and M. Schröder and T. Schum and J. Schwandt and A. K. Srivastava and H. Stadie and G. Steinbrück and J. Thomsen and R. Wolf and C. Barth and J. Bauer and V. Buege and T. Chwalek and W. De Boer and A. Dierlamm and G. Dirkes and M. Feindt and J. Gruschke and C. Hackstein and F. Hartmann and S. M. Heindl and M. Heinrich and H. Held and K. H. Hoffmann and S. Honc and T. Kuhr and D. Martschei and S. Mueller and Th Müller and M. Niegel and O. Oberst and A. Oehler and J. Ott and T. Peiffer and D. Piparo and G. Quast and K. Rabbertz and F. Ratnikov and M. Renz and C. Saout and A. Scheurer and P. Schieferdecker and F. P. Schilling and G. Schott and H. J. Simonis and F. M. Stober and D. Troendle and J. Wagner-Kuhr and M. Zeise and V. Zhukov and E. B. Ziebarth and G. Daskalakis and T. Geralis and S. Kesisoglou and A. Kyriakis and D. Loukas and I. Manolakos and A. Markou and C. Markou and C. Mavrommatis and E. Ntomari and E. Petrakou and L. Gouskos and T. J. Mertzimekis and A. Panagiotou and I. Evangelou and C. Foudas and P. Kokkas and N. Manthos and I. Papadopoulos and V. Patras and F. A. Triantis and A. Aranyi and G. Bencze and L. Boldizsar and G. Debreczeni and C. Hajdu and D. Horvath and A. Kapusi and K. Krajczar and A. Laszlo and F. Sikler and G. Vesztergombi and N. Beni and J. Molnar and J. Palinkas and Z. Szillasi and V. Veszpremi and P. Raics and Z. L. Trocsanyi and B. Ujvari and S. Bansal and S. B. Beri and V. Bhatnagar and N. Dhingra and R. Gupta and M. Jindal and M. Kaur and J. M. Kohli and M. Z. Mehta and N. Nishu and L. K. Saini and A. Sharma and A. P. Singh and J. B. Singh and S. P. Singh and S. Ahuja and S. Bhattacharya and B. C. Choudhary and P. Gupta and S. Jain and S. Jain and A. Kumar and R. K. Shivpuri and R. K. Choudhury and D. Dutta and S. Kailas and S. K. Kataria and A. K. Mohanty and L. M. Pant and P. Shukla and T. Aziz and M. Guchait and A. Gurtu and M. Maity and D. Majumder and G. Majumder and K. Mazumdar and G. B. Mohanty and A. Saha and K. Sudhakar and N. Wickramage and S. Banerjee and S. Dugad and N. K. Mondal and H. Arfaei and H. Bakhshiansohi and S. M. Etesami and A. Fahim and M. Hashemi and A. Jafari and M. Khakzad and A. Mohammadi and M. Mohammadi Najafabadi and S. Paktinat Mehdiabadi and B. Safarzadeh and M. Zeinali and M. Abbrescia and L. Barbone and C. Calabria and A. Colaleo and D. Creanza and N. De Filippis and M. De Palma and A. Dimitrov and L. Fiore and G. Iaselli and L. Lusito and G. Maggi and M. Maggi and N. Manna and B. Marangelli and S. My and S. Nuzzo and N. Pacifico and G. A. Pierro and A. Pompili and G. Pugliese and F. Romano and G. Roselli and G. Selvaggi and L. Silvestris and R. Trentadue and S. Tupputi and G. Zito and G. Abbiendi and A. C. Benvenuti and D. Bonacorsi and S. Braibant-Giacomelli and L. Brigliadori and P. Capiluppi and A. Castro and F. R. Cavallo and M. Cuffiani and G. M. Dallavalle and F. Fabbri and A. Fanfani and D. Fasanella and P. Giacomelli and M. Giunta and C. Grandi and S. Marcellini and M. Meneghelli and A. Montanari and F. L. Navarria and F. Odorici and A. Perrotta and F. Primavera and A. M. Rossi and T. Rovelli and G. Siroli and R. Travaglini and S. Albergo and G. Cappello and M. Chiorboli and S. Costa and A. Tricomi and C. Tuve and G. Barbagli and V. Ciulli and C. Civinini and R. D'alessandro and E. Focardi and S. Frosali and E. Gallo and S. Gonzi and P. Lenzi and M. Meschini and S. Paoletti and G. Sguazzoni and A. Tropiano and L. Benussi and S. Bianco and S. Colafranceschi and F. Fabbri and D. Piccolo and P. Fabbricatore and R. Musenich and A. Benaglia and F. De Guio and L. Di Matteo and A. Ghezzi and M. Malberti and S. Malvezzi and A. Martelli and A. Massironi and D. Menasce and L. Moroni and M. Paganoni and D. Pedrini and S. Ragazzi and N. Redaelli and S. Sala and T. Tabarelli De Fatis and V. Tancini and S. Buontempo and C. A. Carrillo Montoya and A. Cimmino and A. De Cosa and M. De Gruttola and F. Fabozzi and A. O.M. Iorio and L. Lista and M. Merola and P. Noli and P. Paolucci and P. Azzi and N. Bacchetta and P. Bellan and D. Bisello and A. Branca and R. Carlin and P. Checchia and E. Conti and M. De Mattia and T. Dorigo and U. Dosselli and F. Fanzago and F. Gasparini and P. Giubilato and A. Gresele and S. Lacaprara and I. Lazzizzera and M. Margoni and M. Mazzucato and A. T. Meneguzzo and M. Nespolo and L. Perrozzi and N. Pozzobon and P. Ronchese and F. Simonetto and E. Torassa and M. Tosi and S. Vanini and P. Zotto and G. Zumerle and U. Berzano and C. Riccardi and P. Torre and P. Vitulo and M. Biasini and G. M. Bilei and B. Caponeri and L. Fanò and P. Lariccia and A. Lucaroni and G. Mantovani and M. Menichelli and A. Nappi and A. Santocchia and L. Servoli and S. Taroni and M. Valdata and R. Volpe and P. Azzurri and G. Bagliesi and J. Bernardini and T. Boccali and G. Broccolo and R. Castaldi and R. T. D'agnolo and R. Dell'orso and F. Fiori and L. Foà and A. Giassi and A. Kraan and F. Ligabue and T. Lomtadze and L. Martini and A. Messineo and F. Palla and F. Palmonari and S. Sarkar and G. Segneri and A. T. Serban and P. Spagnolo and R. Tenchini and G. Tonelli and A. Venturi and P. G. Verdini and L. Barone and F. Cavallari and D. Del Re and E. Di Marco and M. Diemoz and D. Franci and M. Grassi and E. Longo and S. Nourbakhsh and G. Organtini and A. Palma and F. Pandolfi and R. Paramatti and S. Rahatlou and N. Amapane and R. Arcidiacono and S. Argiro and M. Arneodo and C. Biino and C. Botta and N. Cartiglia and R. Castello and M. Costa and N. Demaria and A. Graziano and C. Mariotti and M. Marone and S. Maselli and E. Migliore and G. Mila and V. Monaco and M. Musich and M. M. Obertino and N. Pastrone and M. Pelliccioni and A. Romero and M. Ruspa and R. Sacchi and V. Sola and A. Solano and A. Staiano and D. Trocino and A. Vilela Pereira and S. Belforte and F. Cossutti and G. Della Ricca and B. Gobbo and D. Montanino and A. Penzo and S. G. Heo and S. Chang and J. Chung and D. H. Kim and G. N. Kim and J. E. Kim and D. J. Kong and H. Park and D. Son and D. C. Son and Zero Kim and J. Y. Kim and S. Song and S. Choi and B. Hong and M. Jo and H. Kim and J. H. Kim and T. J. Kim and K. S. Lee and D. H. Moon and S. K. Park and H. B. Rhee and E. Seo and S. Shin and K. S. Sim and M. Choi and S. Kang and H. Kim and C. Park and I. C. Park and S. Park and G. Ryu and Y. Choi and Y. K. Choi and J. Goh and J. Lee and S. Lee and H. Seo and I. Yu and M. J. Bilinskas and I. Grigelionis and M. Janulis and D. Martisiute and P. Petrov and T. Sabonis and H. Castilla-Valdez and E. De La Cruz-Burelo and R. Lopez-Fernandez and A. Sánchez-Hernández and L. M. Villasenor-Cendejas and S. Carrillo Moreno and F. Vazquez Valencia and H. A. Salazar Ibarguen and E. Casimiro Linares and A. Morelos Pineda and M. A. Reyes-Santos and P. Allfrey and D. Krofcheck and P. H. Butler and R. Doesburg and H. Silverwood and M. Ahmad and I. Ahmed and M. I. Asghar and H. R. Hoorani and W. A. Khan and T. Khurshid and S. Qazi and M. Cwiok and W. Dominik and K. Doroba and A. Kalinowski and M. Konecki and J. Krolikowski and T. Frueboes and R. Gokieli and M. Górski and M. Kazana and K. Nawrocki and K. Romanowska-Rybinska and M. Szleper and G. Wrochna and P. Zalewski and N. Almeida and A. David and P. Faccioli and P. G. Ferreira Parracho and M. Gallinaro and P. Martins and P. Musella and A. Nayak and P. Q. Ribeiro and J. Seixas and P. Silva and J. Varela and H. K. Wöhri and I. Belotelov and P. Bunin and I. Golutvin and A. Kamenev and V. Karjavin and G. Kozlov and A. Lanev and P. Moisenz and V. Palichik and V. Perelygin and S. Shmatov and V. Smirnov and A. Volodko and A. Zarubin and N. Bondar and V. Golovtsov and Y. Ivanov and V. Kim and P. Levchenko and V. Murzin and V. Oreshkin and I. Smirnov and V. Sulimov and L. Uvarov and S. Vavilov and A. Vorobyev and Yu Andreev and S. Gninenko and N. Golubev and M. Kirsanov and N. Krasnikov and V. Matveev and A. Pashenkov and A. Toropin and S. Troitsky and V. Epshteyn and V. Gavrilov and V. Kaftanov and M. Kossov and A. Krokhotin and N. Lychkovskaya and G. Safronov and S. Semenov and V. Stolin and E. Vlasov and A. Zhokin and E. Boos and M. Dubinin and L. Dudko and A. Ershov and A. Gribushin and O. Kodolova and I. Lokhtin and S. Obraztsov and S. Petrushanko and L. Sarycheva and V. Savrin and A. Snigirev and V. Andreev and M. Azarkin and I. Dremin and M. Kirakosyan and S. V. Rusakov and A. Vinogradov and I. Azhgirey and S. Bitioukov and V. Grishin and V. Kachanov and D. Konstantinov and A. Korablev and V. Krychkine and V. Petrov and R. Ryutin and S. Slabospitsky and A. Sobol and L. Tourtchanovitch and S. Troshin and N. Tyurin and A. Uzunian and A. Volkov and P. Adzic and M. Djordjevic and D. Krpic and J. Milosevic and M. Aguilar-Benitez and J. Alcaraz Maestre and P. Arce and C. Battilana and E. Calvo and M. Cepeda and M. Cerrada and N. Colino and B. De La Cruz and C. Diez Pardos and D. Domínguez Vázquez and C. Fernandez Bedoya and J. P. Fernández Ramos and A. Ferrando and J. Flix and M. C. Fouz and P. Garcia-Abia and O. Gonzalez Lopez and S. Goy Lopez and J. M. Hernandez and M. I. Josa and G. Merino and J. Puerta Pelayo and I. Redondo and L. Romero and J. Santaolalla and C. Willmott and C. Albajar and G. Codispoti and J. F. De Trocóniz and J. Cuevas and J. Fernandez Menendez and S. Folgueras and I. Gonzalez Caballero and L. Lloret Iglesias and J. M. Vizan Garcia and J. A. Brochero Cifuentes and I. J. Cabrillo and A. Calderon and M. Chamizo Llatas and S. H. Chuang and J. Duarte Campderros and M. Felcini and M. Fernandez and G. Gomez and J. Gonzalez Sanchez and C. Jorda and P. Lobelle Pardo and A. Lopez Virto and J. Marco and R. Marco and C. Martinez Rivero and F. Matorras and F. J. Munoz Sanchez and J. Piedra Gomez and T. Rodrigo and A. Ruiz-Jimeno and L. Scodellaro and M. Sobron Sanudo and I. Vila and R. Vilar Cortabitarte and D. Abbaneo and E. Auffray and G. Auzinger and P. Baillon and A. H. Ball and D. Barney and A. J. Bell and D. Benedetti and C. Bernet and W. Bialas and P. Bloch and A. Bocci and S. Bolognesi and H. Breuker and G. Brona and K. Bunkowski and T. Camporesi and E. Cano and G. Cerminara and T. Christiansen and J. A. Coarasa Perez and B. Curé and D. D'enterria and A. De Roeck and S. Di Guida and F. Duarte Ramos and A. Elliott-Peisert and B. Frisch and W. Funk and A. Gaddi and S. Gennai and G. Georgiou and H. Gerwig and D. Gigi and K. Gill and D. Giordano and F. Glege and R. Gomez-Reino Garrido and M. Gouzevitch and P. Govoni and S. Gowdy and L. Guiducci and M. Hansen and J. Harvey and J. Hegeman and B. Hegner and C. Henderson and G. Hesketh and H. F. Hoffmann and A. Honma and V. Innocente and P. Janot and K. Kaadze and E. Karavakis and P. Lecoq and C. Lourenço and A. Macpherson and T. Mäki and L. Malgeri and M. Mannelli and L. Masetti and F. Meijers and S. Mersi and E. Meschi and R. Moser and M. U. Mozer and M. Mulders and E. Nesvold and M. Nguyen and T. Orimoto and L. Orsini and E. Perez and A. Petrilli and A. Pfeiffer and M. Pierini and M. Pimiä and G. Polese and A. Racz and J. Rodrigues Antunes and G. Rolandi and T. Rommerskirchen and C. Rovelli and M. Rovere and H. Sakulin and C. Schäfer and C. Schwick and I. Segoni and A. Sharma and P. Siegrist and M. Simon and P. Sphicas and D. Spiga and M. Spiropulu and F. Stöckli and M. Stoye and P. Tropea and A. Tsirou and A. Tsyganov and G. I. Veres and P. Vichoudis and M. Voutilainen and W. D. Zeuner and W. Bertl and K. Deiters and W. Erdmann and K. Gabathuler and R. Horisberger and Q. Ingram and H. C. Kaestli and S. König and D. Kotlinski and U. Langenegger and F. Meier and D. Renker and T. Rohe and J. Sibille and A. Starodumov and P. Bortignon and L. Caminada and Z. Chen and S. Cittolin and G. Dissertori and M. Dittmar and J. Eugster and K. Freudenreich and C. Grab and A. Hervé and W. Hintz and P. Lecomte and W. Lustermann and C. Marchica and P. Martinez Ruiz Del Arbol and P. Meridiani and P. Milenovic and F. Moortgat and P. Nef and F. Nessi-Tedaldi and L. Pape and F. Pauss and T. Punz and A. Rizzi and F. J. Ronga and M. Rossini and L. Sala and A. K. Sanchez and M. C. Sawley and B. Stieger and L. Tauscher and A. Thea and K. Theofilatos and D. Treille and C. Urscheler and R. Wallny and M. Weber and L. Wehrli and J. Weng and E. Aguiló and C. Amsler and V. Chiochia and S. De Visscher and C. Favaro and M. Ivova Rikova and B. Millan Mejias and C. Regenfus and P. Robmann and A. Schmidt and H. Snoek and Y. H. Chang and K. H. Chen and W. T. Chen and S. Dutta and A. Go and C. M. Kuo and S. W. Li and W. Lin and M. H. Liu and Z. K. Liu and Y. J. Lu and D. Mekterovic and J. H. Wu and S. S. Yu and P. Bartalini and P. Chang and Y. H. Chang and Y. W. Chang and Y. Chao and K. F. Chen and W. S. Hou and Y. Hsiung and K. Y. Kao and Y. J. Lei and R. S. Lu and J. G. Shiu and Y. M. Tzeng and M. Wang and A. Adiguzel and M. N. Bakirci and S. Cerci and Z. Demir and C. Dozen and I. Dumanoglu and E. Eskut and S. Girgis and G. Gokbulut and Y. Guler and E. Gurpinar and I. Hos and E. E. Kangal and T. Karaman and A. Kayis Topaksu and A. Nart and G. Onengut and K. Ozdemir and S. Ozturk and A. Polatoz and K. Sogut and B. Tali and H. Topakli and D. Uzun and L. N. Vergili and M. Vergili and C. Zorbilmez and I. V. Akin and T. Aliev and S. Bilmis and M. Deniz and H. Gamsizkan and A. M. Guler and K. Ocalan and A. Ozpineci and M. Serin and R. Sever and U. E. Surat and E. Yildirim and M. Zeyrek and M. Deliomeroglu and D. Demir and E. Gülmez and A. Halu and B. Isildak and M. Kaya and O. Kaya and S. Ozkorucuklu and N. Sonmez and L. Levchuk and P. Bell and F. Bostock and J. J. Brooke and T. L. Cheng and E. Clement and D. Cussans and R. Frazier and J. Goldstein and M. Grimes and M. Hansen and D. Hartley and G. P. Heath and H. F. Heath and B. Huckvale and J. Jackson and L. Kreczko and S. Metson and D. M. Newbold and K. Nirunpong and A. Poll and S. Senkin and V. J. Smith and S. Ward and L. Basso and K. W. Bell and A. Belyaev and C. Brew and R. M. Brown and B. Camanzi and D. J.A. Cockerill and J. A. Coughlan and K. Harder and S. Harper and B. W. Kennedy and E. Olaiya and D. Petyt and B. C. Radburn-Smith and C. H. Shepherd-Themistocleous and I. R. Tomalin and W. J. Womersley and S. D. Worm and R. Bainbridge and G. Ball and J. Ballin and R. Beuselinck and O. Buchmuller and D. Colling and N. Cripps and M. Cutajar and G. Davies and M. Della Negra and J. Fulcher and D. Futyan and A. Guneratne Bryer and G. Hall and Z. Hatherell and J. Hays and G. Iles and G. Karapostoli and L. Lyons and A. M. Magnan and J. Marrouche and R. Nandi and J. Nash and A. Nikitenko and A. Papageorgiou and M. Pesaresi and K. Petridis and M. Pioppi and D. M. Raymond and N. Rompotis and A. Rose and M. J. Ryan and C. Seez and P. Sharp and A. Sparrow and A. Tapper and S. Tourneur and M. Vazquez Acosta and T. Virdee and S. Wakefield and D. Wardrope and T. Whyntie and M. Barrett and M. Chadwick and J. E. Cole and P. R. Hobson and A. Khan and P. Kyberd and D. Leslie and W. Martin and I. D. Reid and L. Teodorescu and K. Hatakeyama and T. Bose and E. Carrera Jarrin and C. Fantasia and A. Heister and J. St. John and P. Lawson and D. Lazic and J. Rohlf and D. Sperka and L. Sulak and A. Avetisyan and S. Bhattacharya and J. P. Chou and D. Cutts and A. Ferapontov and U. Heintz and S. Jabeen and G. Kukartsev and G. Landsberg and M. Narain and D. Nguyen and M. Segala and T. Speer and K. V. Tsang and M. A. Borgia and R. Breedon and M. Calderon De La Barca Sanchez and D. Cebra and S. Chauhan and M. Chertok and J. Conway and P. T. Cox and J. Dolen and R. Erbacher and E. Friis and W. Ko and A. Kopecky and R. Lander and H. Liu and S. Maruyama and T. Miceli and M. Nikolic and D. Pellett and J. Robles and S. Salur and T. Schwarz and M. Searle and J. Smith and M. Squires and M. Tripathi and R. Vasquez Sierra and C. Veelken and V. Andreev and K. Arisaka and D. Cline and R. Cousins and A. Deisher and J. Duris and S. Erhan and C. Farrell and J. Hauser and M. Ignatenko and C. Jarvis and C. Plager and G. Rakness and P. Schlein and J. Tucker and V. Valuev and J. Babb and R. Clare and J. Ellison and J. W. Gary and F. Giordano and G. Hanson and G. Y. Jeng and S. C. Kao and F. Liu and H. Liu and A. Luthra and H. Nguyen and B. C. Shen and R. Stringer and J. Sturdy and S. Sumowidagdo and R. Wilken and S. Wimpenny and W. Andrews and J. G. Branson and G. B. Cerati and E. Dusinberre and D. Evans and F. Golf and A. Holzner and R. Kelley and M. Lebourgeois and J. Letts and B. Mangano and J. Muelmenstaedt and S. Padhi and C. Palmer and G. Petrucciani and H. Pi and M. Pieri and R. Ranieri and M. Sani and V. Sharma and S. Simon and Y. Tu and A. Vartak and F. Würthwein and A. Yagil and D. Barge and R. Bellan and C. Campagnari and M. D'alfonso and T. Danielson and K. Flowers and P. Geffert and J. Incandela and C. Justus and P. Kalavase and S. A. Koay and D. Kovalskyi and V. Krutelyov and S. Lowette and N. Mccoll and V. Pavlunin and F. Rebassoo and J. Ribnik and J. Richman and R. Rossin and D. Stuart and W. To and J. R. Vlimant and A. Bornheim and J. Bunn and Y. Chen and M. Gataullin and D. Kcira and V. Litvine and Y. Ma and A. Mott and H. B. Newman and C. Rogan and V. Timciuc and P. Traczyk and J. Veverka and R. Wilkinson and Y. Yang and R. Y. Zhu and B. Akgun and R. Carroll and T. Ferguson and Y. Iiyama and D. W. Jang and S. Y. Jun and Y. F. Liu and M. Paulini and J. Russ and N. Terentyev and H. Vogel and I. Vorobiev and J. P. Cumalat and M. E. Dinardo and B. R. Drell and C. J. Edelmaier and W. T. Ford and A. Gaz and B. Heyburn and E. Luiggi Lopez and U. Nauenberg and J. G. Smith and K. Stenson and K. A. Ulmer and S. R. Wagner and S. L. Zang and L. Agostino and J. Alexander and A. Chatterjee and S. Das and N. Eggert and L. J. Fields and L. K. Gibbons and B. Heltsley and W. Hopkins and A. Khukhunaishvili and B. Kreis and V. Kuznetsov and G. Nicolas Kaufman and J. R. Patterson and D. Puigh and D. Riley and A. Ryd and X. Shi and W. Sun and W. D. Teo and J. Thom and J. Thompson and J. Vaughan and Y. Weng and L. Winstrom and P. Wittich and A. Biselli and G. Cirino and D. Winn and S. Abdullin and M. Albrow and J. Anderson and G. Apollinari and M. Atac and J. A. Bakken and S. Banerjee and L. A.T. Bauerdick and A. Beretvas and J. Berryhill and P. C. Bhat and I. Bloch and F. Borcherding and K. Burkett and J. N. Butler and V. Chetluru and H. W.K. Cheung and F. Chlebana and S. Cihangir and M. Demarteau and D. P. Eartly and V. D. Elvira and S. Esen and I. Fisk and J. Freeman and Y. Gao and E. Gottschalk and D. Green and K. Gunthoti and O. Gutsche and A. Hahn and J. Hanlon and R. M. Harris and J. Hirschauer and B. Hooberman and E. James and H. Jensen and M. Johnson and U. Joshi and R. Khatiwada and B. Kilminster and B. Klima and K. Kousouris and S. Kunori and S. Kwan and C. Leonidopoulos and P. Limon and R. Lipton and J. Lykken and K. Maeshima and J. M. Marraffino and D. Mason and P. Mcbride and T. Mccauley and T. Miao and K. Mishra and S. Mrenna and Y. Musienko and C. Newman-Holmes and V. O'dell and S. Popescu and R. Pordes and O. Prokofyev and N. Saoulidou and E. Sexton-Kennedy and S. Sharma and A. Soha and W. J. Spalding and L. Spiegel and P. Tan and L. Taylor and S. Tkaczyk and L. Uplegger and E. W. Vaandering and R. Vidal and J. Whitmore and W. Wu and F. Yang and F. Yumiceva and J. C. Yun and D. Acosta and P. Avery and D. Bourilkov and M. Chen and G. P. Di Giovanni and D. Dobur and A. Drozdetskiy and R. D. Field and M. Fisher and Y. Fu and I. K. Furic and J. Gartner and S. Goldberg and B. Kim and S. Klimenko and J. Konigsberg and A. Korytov and A. Kropivnitskaya and T. Kypreos and K. Matchev and G. Mitselmakher and L. Muniz and Y. Pakhotin and C. Prescott and R. Remington and M. Schmitt and B. Scurlock and P. Sellers and N. Skhirtladze and D. Wang and J. Yelton and M. Zakaria and C. Ceron and V. Gaultney and L. Kramer and L. M. Lebolo and S. Linn and P. Markowitz and G. Martinez and J. L. Rodriguez and T. Adams and A. Askew and D. Bandurin and J. Bochenek and J. Chen and B. Diamond and S. V. Gleyzer and J. Haas and S. Hagopian and V. Hagopian and M. Jenkins and K. F. Johnson and H. Prosper and L. Quertenmont and S. Sekmen and V. Veeraraghavan and M. M. Baarmand and B. Dorney and S. Guragain and M. Hohlmann and H. Kalakhety and R. Ralich and I. Vodopiyanov and M. R. Adams and I. M. Anghel and L. Apanasevich and Y. Bai and V. E. Bazterra and R. R. Betts and J. Callner and R. Cavanaugh and C. Dragoiu and E. J. Garcia-Solis and L. Gauthier and C. E. Gerber and D. J. Hofman and S. Khalatyan and F. Lacroix and M. Malek and C. O'brien and C. Silvestre and A. Smoron and D. Strom and N. Varelas and U. Akgun and E. A. Albayrak and B. Bilki and K. Cankocak and W. Clarida and F. Duru and C. K. Lae and E. Mccliment and J. P. Merlo and H. Mermerkaya and A. Mestvirishvili and A. Moeller and J. Nachtman and C. R. Newsom and E. Norbeck and J. Olson and Y. Onel and F. Ozok and S. Sen and J. Wetzel and T. Yetkin and K. Yi and B. A. Barnett and B. Blumenfeld and A. Bonato and C. Eskew and D. Fehling and G. Giurgiu and A. V. Gritsan and Z. J. Guo and G. Hu and P. Maksimovic and S. Rappoccio and M. Swartz and N. V. Tran and A. Whitbeck and P. Baringer and A. Bean and G. Benelli and O. Grachov and M. Murray and D. Noonan and V. Radicci and S. Sanders and J. S. Wood and V. Zhukova and T. Bolton and I. Chakaberia and A. Ivanov and M. Makouski and Y. Maravin and S. Shrestha and I. Svintradze and Z. Wan and J. Gronberg and D. Lange and D. Wright and A. Baden and M. Boutemeur and S. C. Eno and D. Ferencek and J. A. Gomez and N. J. Hadley and R. G. Kellogg and M. Kirn and Y. Lu and A. C. Mignerey and K. Rossato and P. Rumerio and F. Santanastasio and A. Skuja and J. Temple and M. B. Tonjes and S. C. Tonwar and E. Twedt and B. Alver and G. Bauer and J. Bendavid and W. Busza and E. Butz and I. A. Cali and M. Chan and V. Dutta and P. Everaerts and G. Gomez Ceballos and M. Goncharov and K. A. Hahn and P. Harris and Y. Kim and M. Klute and Y. J. Lee and W. Li and C. Loizides and P. D. Luckey and T. Ma and S. Nahn and C. Paus and D. Ralph and C. Roland and G. Roland and M. Rudolph and G. S.F. Stephans and K. Sumorok and K. Sung and E. A. Wenger and S. Xie and M. Yang and Y. Yilmaz and A. S. Yoon and M. Zanetti and P. Cole and S. I. Cooper and P. Cushman and B. Dahmes and A. De Benedetti and P. R. Dudero and G. Franzoni and J. Haupt and K. Klapoetke and Y. Kubota and J. Mans and V. Rekovic and R. Rusack and M. Sasseville and A. Singovsky and L. M. Cremaldi and R. Godang and R. Kroeger and L. Perera and R. Rahmat and D. A. Sanders and D. Summers and K. Bloom and S. Bose and J. Butt and D. R. Claes and A. Dominguez and M. Eads and J. Keller and T. Kelly and I. Kravchenko and J. Lazo-Flores and C. Lundstedt and H. Malbouisson and S. Malik and G. R. Snow and U. Baur and A. Godshalk and I. Iashvili and S. Jain and A. Kharchilava and A. Kumar and S. P. Shipkowski and K. Smith and G. Alverson and E. Barberis and D. Baumgartel and O. Boeriu and M. Chasco and S. Reucroft and J. Swain and D. Wood and J. Zhang and A. Anastassov and A. Kubik and N. Odell and R. A. Ofierzynski and B. Pollack and A. Pozdnyakov and M. Schmitt and S. Stoynev and M. Velasco and S. Won and L. Antonelli and D. Berry and M. Hildreth and C. Jessop and D. J. Karmgard and J. Kolb and T. Kolberg and K. Lannon and W. Luo and S. Lynch and N. Marinelli and D. M. Morse and T. Pearson and R. Ruchti and J. Slaunwhite and N. Valls and J. Warchol and M. Wayne and J. Ziegler and B. Bylsma and L. S. Durkin and J. Gu and C. Hill and P. Killewald and K. Kotov and T. Y. Ling and M. Rodenburg and G. Williams and N. Adam and E. Berry and P. Elmer and D. Gerbaudo and V. Halyo and P. Hebda and A. Hunt and J. Jones and E. Laird and D. Lopes Pegna and D. Marlow and T. Medvedeva and M. Mooney and J. Olsen and P. Piroué and X. Quan and H. Saka and D. Stickland and C. Tully and J. S. Werner and A. Zuranski and J. G. Acosta and X. T. Huang and A. Lopez and H. Mendez and S. Oliveros and J. E. Ramirez Vargas and A. Zatserklyaniy and E. Alagoz and V. E. Barnes and G. Bolla and L. Borrello and D. Bortoletto and A. Everett and A. F. Garfinkel and Z. Gecse and L. Gutay and Z. Hu and M. Jones and O. Koybasi and M. Kress and A. T. Laasanen and N. Leonardo and C. Liu and V. Maroussov and P. Merkel and D. H. Miller and N. Neumeister and I. Shipsey and D. Silvers and A. Svyatkovskiy and H. D. Yoo and J. Zablocki and Y. Zheng and P. Jindal and N. Parashar and C. Boulahouache and V. Cuplov and K. M. Ecklund and F. J.M. Geurts and J. H. Liu and B. P. Padley and R. Redjimi and J. Roberts and J. Zabel and B. Betchart and A. Bodek and Y. S. Chung and R. Covarelli and P. De Barbaro and R. Demina and Y. Eshaq and H. Flacher and A. Garcia-Bellido and P. Goldenzweig and Y. Gotra and J. Han and A. Harel and D. C. Miner and D. Orbaker and G. Petrillo and D. Vishnevskiy and M. Zielinski and A. Bhatti and R. Ciesielski and L. Demortier and K. Goulianos and G. Lungu and C. Mesropian and M. Yan and O. Atramentov and A. Barker and D. Duggan and Y. Gershtein and R. Gray and E. Halkiadakis and D. Hidas and D. Hits and A. Lath and S. Panwalkar and R. Patel and A. Richards and K. Rose and S. Schnetzer and S. Somalwar and R. Stone and S. Thomas and G. Cerizza and M. Hollingsworth and S. Spanier and Z. C. Yang and A. York and J. Asaadi and R. Eusebi and J. Gilmore and A. Gurrola and T. Kamon and V. Khotilovich and R. Montalvo and C. N. Nguyen and I. Osipenkov and J. Pivarski and A. Safonov and S. Sengupta and A. Tatarinov and D. Toback and M. Weinberger and N. Akchurin and J. Damgov and C. Jeong and K. Kovitanggoon and S. W. Lee and Y. Roh and A. Sill and I. Volobouev and R. Wigmans and E. Yazgan and E. Appelt and E. Brownson and D. Engh and C. Florez and W. Gabella and W. Johns and P. Kurt and C. Maguire and A. Melo and P. Sheldon and S. Tuo and J. Velkovska and M. W. Arenton and M. Balazs and S. Boutle and M. Buehler and S. Conetti and B. Cox and B. Francis and R. Hirosky and A. Ledovskoy and C. Lin and C. Neu and R. Yohay and S. Gollapinni and R. Harr and P. E. Karchin and P. Lamichhane and M. Mattson and C. Milstène and A. Sakharov and M. Anderson and M. Bachtis and J. N. Bellinger and D. Carlsmith and S. Dasu and J. Efron and L. Gray and K. S. Grogg and M. Grothe and R. Hall-Wilton and M. Herndon and P. Klabbers and J. Klukas and A. Lanaro and C. Lazaridis and J. Leonard and R. Loveless and A. Mohapatra and D. Reeder and I. Ross and A. Savin and W. H. Smith and J. Swanson and M. Weinberg},
   doi = {10.1103/PhysRevLett.106.201804},
   issn = {10797114},
   issue = {20},
   journal = {Physical Review Letters},
   month = {5},
   publisher = {American Physical Society},
   title = {Measurement of dijet angular distributions and search for quark compositeness in pp collisions at √s=7TeV},
   volume = {106},
   year = {2011},
}
@report{,
   abstract = {Eichten et al. summarize the motivation for exploring the 1-TeV (=10' eV) energy scale in elementary particle interactions and explore the capabilities of proton-(anti)proton colliders with beam energies between 1 and 50 TeV. The authors calculate the production rates and characteristics for a number of conventional processes, and discuss their intrinsic physics interest as well as their role as backgrounds to more exotic phenomena. The authors review the theoretical motivation and expected signatures for several new phenomena which may occur on the 1-TeV scale. Their results provide a reference point for the choice of machine parameters and for experiment design. CONTENTS},
   author = {E Eichten and L Hinchliffe and K Lane and C Quigg},
   title = {Supercollider physics},
}
@report{,
   author = {Faculteit Wetenschappen En Bio-Ingenieurswetenschappen and Departement Natuurkunde and Maryam Zeinali},
   title = {Vrije Universiteit Brussel Measurement of the Jet Energy Scale in the CMS experiment with the First LHC Proton Collisions},
   year = {2011},
}
@article{Komiske2019,
   abstract = {We explore the metric space of jets using public collider data from the CMS experiment. Starting from 2.3/fb of 7 TeV proton-proton collisions collected at the Large Hadron Collider in 2011, we isolate a sample of 1,690,984 central jets with transverse momentum above 375 GeV. To validate the performance of the CMS detector in reconstructing the energy flow of jets, we compare the CMS Open Data to corresponding simulated data samples for a variety of jet kinematic and substructure observables. Even without detector unfolding, we find very good agreement for track-based observables after using charged hadron subtraction to mitigate the impact of pileup. We perform a range of novel analyses, using the "energy mover's distance" (EMD) to measure the pairwise difference between jet energy flows. The EMD allows us to quantify the impact of detector effects, visualize the metric space of jets, extract correlation dimensions, and identify the most and least typical jet configurations. To facilitate future jet studies with CMS Open Data, we make our datasets and analysis code available, amounting to around two gigabytes of distilled data and one hundred gigabytes of simulation files.},
   author = {Patrick T. Komiske and Radha Mastandrea and Eric M. Metodiev and Preksha Naik and Jesse Thaler},
   doi = {10.1103/PhysRevD.101.034009},
   month = {8},
   title = {Exploring the Space of Jets with CMS Open Data},
   url = {http://arxiv.org/abs/1908.08542 http://dx.doi.org/10.1103/PhysRevD.101.034009},
   year = {2019},
}
@article{,
   abstract = {Jet cross sections have been measured for the first time in proton-proton collisions at a centre-of-mass energy of 7 TeV using the ATLAS detector. The measurement uses an integrated luminosity of 17 nb-1 recorded at the Large Hadron Collider. The anti-kt algorithm is used to identify jets, with two jet resolution parameters, R = 0.4 and 0.6. The dominant uncertainty comes from the jet energy scale, which is determined to within 7% for central jets above 60 GeV transverse momentum. Inclusive single-jet differential cross sections are presented as functions of jet transverse momentum and rapidity. Dijet cross sections are presented as functions of dijet mass and the angular variable $\chi$. The results are compared to expectations based on next-to-leading-order QCD, which agree with the data, providing a validation of the theory in a new kinematic regime.},
   author = {ATLAS Collaboration},
   doi = {10.1140/epjc/s10052-010-1512-2},
   month = {9},
   title = {Measurement of inclusive jet and dijet cross sections in proton-proton collisions at 7 TeV centre-of-mass energy with the ATLAS detector},
   url = {http://arxiv.org/abs/1009.5908 http://dx.doi.org/10.1140/epjc/s10052-010-1512-2},
   year = {2010},
}
@report{Bhatti2005,
   abstract = {A precise determination of the energy scale of jets at the Collider Detector at Fermilab at the Tevatron p¯ p collider is described. Jets are used in many analyses to estimate the energies of partons resulting from the underlying physics process. Several correction factors are developed to estimate the original parton energy from the observed jet energy in the calorimeter. The jet energy response is compared between data and Monte Carlo simulation for various physics processes, and systematic uncertainties on the jet energy scale are determined. For jets with transverse momenta above 50 GeV the jet energy scale is determined with a 3% systematic uncertainty.},
   author = {A Bhatti and F Canelli and B Heinemann and J Adelman and D Ambrose and J.-F Arguin and A Barbaro-Galtieri and H Budd and Y S Chung and K Chung and B Cooper and C Currat and T Dorigo and R Erbacher and R Field and G Flanagan and A Gibson and K Hatakeyama and F Happacher and D Hoffman and G Introzzi and S Kuhlmann and S Kwang and S Jun and G Latino and A Malkus and M Mattson and A Mehta and P A Movilla-Fernandez and L Nodulman and M Paulini and J Proudfoot and F Ptohos and S Sabik and W Sakumoto and P Savard and M Shochet and P Sinervo and V Tiwari and A Wicklund and G Yun},
   title = {Determination of the Jet Energy Scale at the Collider Detector at Fermilab},
   year = {2005},
}
@report{Campbell2006,
   abstract = {In this review article, we will develop the perturbative framework for the calculation of hard scattering processes. We will undertake to provide both a reasonably rigorous development of the formalism of hard scattering of quarks and gluons as well as an intuitive understanding of the physics behind the scattering. We will emphasize the role of logarithmic corrections as well as power counting in α S in order to understand the behaviour of hard scattering processes. We will include "rules of thumb" as well as "official recommendations", and where possible will seek to dispel some myths. We will also discuss the impact of soft processes on the measurements of hard scattering processes. Experiences that have been gained at the Fermilab Tevatron will be recounted and, where appropriate, extrapolated to the LHC.},
   author = {J M Campbell and J W Huston and W J Stirling},
   isbn = {0611148v110},
   title = {Hard Interactions of Quarks and Gluons: a Primer for LHC Physics Hard Interactions of Quarks and Gluons: a Primer for LHC Physics 2},
   year = {2006},
}
@inproceedings{Prosper2003,
   author = {Harrison B. Prosper},
   doi = {10.1063/1.1604076},
   issn = {0094243X},
   journal = {AIP Conference Proceedings},
   pages = {130-143},
   publisher = {AIP},
   title = {Confidence Intervals},
   volume = {674},
   url = {http://aip.scitation.org/doi/abs/10.1063/1.1604076},
   year = {2003},
}
@article{Pierini2011,
   abstract = {The interpretation of data in terms of multi-parameter models of new physics, using the Bayesian approach, requires the construction of multi-parameter priors. We propose a construction that uses elements of Bayesian reference analysis. Our idea is to initiate the chain of inference with the reference prior for a likelihood function that depends on a single parameter of interest that is a function of the parameters of the physics model. The reference posterior density of the parameter of interest induces on the parameter space of the physics model a class of posterior densities. We propose to continue the chain of inference with a particular density from this class, namely, the one for which indistinguishable models are equiprobable and use it as the prior for subsequent analysis. We illustrate our method by applying it to the constrained minimal supersymmetric Standard Model and two non-universal variants of it.},
   author = {Maurizio Pierini and Harrison B. Prosper and Sezen Sekmen and Maria Spiropulu},
   month = {8},
   title = {Priors for New Physics},
   url = {http://arxiv.org/abs/1108.0523},
   year = {2011},
}
@article{Kokkas2015,
   abstract = {During the first years of the LHC operation a large amount of jet data was recorded by the ATLAS and CMS experiments. In this review several measurements of jet-related observables are presented, such as multi-jet rates and cross sections, ratios of jet cross sections, jet shapes and event shape observables. All results presented here are based on jet data collected at a center-of-mass energy of 7 TeV. Data are compared to various Monte Carlo generators, as well as to theoretical next-to-leading-order calculations allowing a test of perturbative Quantum Chromodynamics in a previously unexplored energy region.},
   author = {Panagiotis Kokkas},
   month = {9},
   title = {Measurements of jet-related observables at the LHC},
   url = {http://arxiv.org/abs/1509.02144},
   year = {2015},
}
@article{Ganguly2013,
   abstract = {The Large Hadron Collider (LHC) experiment has successfully completed data taking at center of mass (COM) energy 7 TeV in 2011 and very recently for 8 TeV. Measurement of cross sections predicted by the standard model were the main tasks in the beginning. The inclusive jet cross section and dijet mass measurement is already done at 7 TeV energy by Compact Muon Solenoid (CMS) detector with integrated luminosity 5 fb$^\{-1\}$. In these measurement one needs to understand and measure precisely the kinematic properties of jets which involve many theoretical and experimental issues. The goal of this article is to discuss all these issues including jet measurements in CMS and subsequently review the inclusive jet cross section and dijet mass measurement in CMS at 7 TeV with integrated luminosity 5 fb$^\{-1\}$. The measurements, after unfolding the data, are also compared with the next leading order (NLO) theory predictions, corrected for the non-perturbative (NP) effects, for five different sets of parton distribution functions (PDF). It is observed that the measurements, for both cases, agree with the theory prediction within $\sim$8-10% depending on transverse momentum ($p_T$) and dijet invariant mass ($M_\{jj\}$) of jets.},
   author = {Sanmay Ganguly and Monoranjan Guchait},
   doi = {10.1142/S0217751X13300305},
   month = {6},
   title = {Jet Cross-Section Measurements In CMS},
   url = {http://arxiv.org/abs/1306.6604 http://dx.doi.org/10.1142/S0217751X13300305},
   year = {2013},
}
@article{Abazov2008,
   abstract = {We report on a measurement of the inclusive jet cross section in pp̄ collisions at a center-of-mass energy s=1.96TeV using data collected by the D0 experiment at the Fermilab Tevatron Collider corresponding to an integrated luminosity of 0.70fb-1. The data cover jet transverse momenta from 50 to 600 GeV and jet rapidities in the range -2.4 to 2.4. Detailed studies of correlations between systematic uncertainties in transverse momentum and rapidity are presented, and the cross section measurements are found to be in good agreement with next-to-leading order QCD calculations. © 2008 The American Physical Society.},
   author = {V. M. Abazov and B. Abbott and M. Abolins and B. S. Acharya and M. Adams and T. Adams and E. Aguilo and S. H. Ahn and M. Ahsan and G. D. Alexeev and G. Alkhazov and A. Alton and G. Alverson and G. A. Alves and M. Anastasoaie and L. S. Ancu and T. Andeen and S. Anderson and B. Andrieu and M. S. Anzelc and Y. Arnoud and M. Arov and M. Arthaud and A. Askew and B. Asman and A. C.S. Assis Jesus and O. Atramentov and C. Autermann and C. Avila and C. Ay and F. Badaud and A. Baden and L. Bagby and B. Baldin and D. V. Bandurin and P. Banerjee and S. Banerjee and E. Barberis and A. F. Barfuss and P. Bargassa and P. Baringer and J. Barreto and J. F. Bartlett and U. Bassler and D. Bauer and S. Beale and A. Bean and M. Begalli and M. Begel and C. Belanger-Champagne and L. Bellantoni and A. Bellavance and J. A. Benitez and S. B. Beri and G. Bernardi and R. Bernhard and I. Bertram and M. Besançon and R. Beuselinck and V. A. Bezzubov and P. C. Bhat and V. Bhatnagar and C. Biscarat and G. Blazey and F. Blekman and S. Blessing and D. Bloch and K. Bloom and A. Boehnlein and D. Boline and T. A. Bolton and G. Borissov and T. Bose and A. Brandt and R. Brock and G. Brooijmans and A. Bross and D. Brown and N. J. Buchanan and D. Buchholz and M. Buehler and V. Buescher and V. Bunichev and S. Burdin and S. Burke and T. H. Burnett and C. P. Buszello and J. M. Butler and P. Calfayan and S. Calvet and J. Cammin and W. Carvalho and B. C.K. Casey and H. Castilla-Valdez and S. Chakrabarti and D. Chakraborty and K. Chan and K. M. Chan and A. Chandra and F. Charles and E. Cheu and F. Chevallier and D. K. Cho and S. Choi and B. Choudhary and L. Christofek and T. Christoudias and S. Cihangir and D. Claes and Y. Coadou and M. Cooke and W. E. Cooper and M. Corcoran and F. Couderc and M. C. Cousinou and S. Crépé-Renaudin and D. Cutts and M. Ćwiok and H. Da Motta and A. Das and G. Davies and K. De and S. J. De Jong and E. De La Cruz-Burelo and C. De Oliveira Martins and J. D. Degenhardt and F. Déliot and M. Demarteau and R. Demina and D. Denisov and S. P. Denisov and S. Desai and H. T. Diehl and M. Diesburg and A. Dominguez and H. Dong and L. V. Dudko and L. Duflot and S. R. Dugad and D. Duggan and A. Duperrin and J. Dyer and A. Dyshkant and M. Eads and D. Edmunds and J. Ellison and V. D. Elvira and Y. Enari and S. Eno and P. Ermolov and H. Evans and A. Evdokimov and V. N. Evdokimov and A. V. Ferapontov and T. Ferbel and F. Fiedler and F. Filthaut and W. Fisher and H. E. Fisk and M. Ford and M. Fortner and H. Fox and S. Fu and S. Fuess and T. Gadfort and C. F. Galea and E. Gallas and C. Garcia and A. Garcia-Bellido and V. Gavrilov and P. Gay and W. Geist and D. Gelé and C. E. Gerber and Y. Gershtein and D. Gillberg and G. Ginther and N. Gollub and B. Gómez and A. Goussiou and P. D. Grannis and H. Greenlee and Z. D. Greenwood and E. M. Gregores and G. Grenier and Ph Gris and J. F. Grivaz and A. Grohsjean and S. Grünendahl and M. W. Grünewald and F. Guo and J. Guo and G. Gutierrez and P. Gutierrez and A. Haas and N. J. Hadley and P. Haefner and S. Hagopian and J. Haley and I. Hall and R. E. Hall and L. Han and K. Harder and A. Harel and R. Harrington and J. M. Hauptman and R. Hauser and J. Hays and T. Hebbeker and D. Hedin and J. G. Hegeman and J. M. Heinmiller and A. P. Heinson and U. Heintz and C. Hensel and K. Herner and G. Hesketh and M. D. Hildreth and R. Hirosky and J. D. Hobbs and B. Hoeneisen and H. Hoeth and M. Hohlfeld and S. J. Hong and S. Hossain and P. Houben and Y. Hu and Z. Hubacek and V. Hynek and I. Iashvili and R. Illingworth and A. S. Ito and S. Jabeen and M. Jaffré and S. Jain and K. Jakobs and C. Jarvis and R. Jesik and K. Johns and C. Johnson and M. Johnson and A. Jonckheere and P. Jonsson and A. Juste and E. Kajfasz and A. M. Kalinin and J. M. Kalk and S. Kappler and D. Karmanov and P. A. Kasper and I. Katsanos and D. Kau and R. Kaur and V. Kaushik and R. Kehoe and S. Kermiche and N. Khalatyan and A. Khanov and A. Kharchilava and Y. M. Kharzheev and D. Khatidze and T. J. Kim and M. H. Kirby and M. Kirsch and B. Klima and J. M. Kohli and J. P. Konrath and V. M. Korablev and A. V. Kozelov and J. Kraus and D. Krop and T. Kuhl and A. Kumar and A. Kupco and T. Kurča and J. Kvita and F. Lacroix and D. Lam and S. Lammers and G. Landsberg and P. Lebrun and W. M. Lee and A. Leflat and J. Lellouch and J. Leveque and J. Li and L. Li and Q. Z. Li and S. M. Lietti and J. G.R. Lima and D. Lincoln and J. Linnemann and V. V. Lipaev and R. Lipton and Y. Liu and Z. Liu and A. Lobodenko and M. Lokajicek and P. Love and H. J. Lubatti and R. Luna and A. L. Lyon and A. K.A. MacIel and D. MacKin and R. J. Madaras and P. Mättig and C. Magass and A. Magerkurth and P. K. Mal and H. B. Malbouisson and S. Malik and V. L. Malyshev and H. S. Mao and Y. Maravin and B. Martin and R. McCarthy and A. Melnitchouk and L. Mendoza and P. G. Mercadante and M. Merkin and K. W. Merritt and A. Meyer and J. Meyer and T. Millet and J. Mitrevski and J. Molina and R. K. Mommsen and N. K. Mondal and R. W. Moore and T. Moulik and G. S. Muanza and M. Mulders and M. Mulhearn and O. Mundal and L. Mundim and E. Nagy and M. Naimuddin and M. Narain and N. A. Naumann and H. A. Neal and J. P. Negret and P. Neustroev and H. Nilsen and H. Nogima and S. F. Novaes and T. Nunnemann and V. O'Dell and D. C. O'Neil and G. Obrant and C. Ochando and D. Onoprienko and N. Oshima and N. Osman and J. Osta and R. Otec and G. J. Otero Y Garzón and M. Owen and P. Padley and M. Pangilinan and N. Parashar and S. J. Park and S. K. Park and J. Parsons and R. Partridge and N. Parua and A. Patwa and G. Pawloski and B. Penning and M. Perfilov and K. Peters and Y. Peters and P. Pétroff and M. Petteni and R. Piegaia and J. Piper and M. A. Pleier and P. L.M. Podesta-Lerma and V. M. Podstavkov and Y. Pogorelov and M. E. Pol and P. Polozov and B. G. Pope and A. V. Popov and C. Potter and W. L. Prado Da Silva and H. B. Prosper and S. Protopopescu and J. Qian and A. Quadt and B. Quinn and A. Rakitine and M. S. Rangel and K. Ranjan and P. N. Ratoff and P. Renkel and S. Reucroft and P. Rich and J. Rieger and M. Rijssenbeek and I. Ripp-Baudot and F. Rizatdinova and S. Robinson and R. F. Rodrigues and M. Rominsky and C. Royon and P. Rubinov and R. Ruchti and G. Safronov and G. Sajot and A. Sánchez-Hernández and M. P. Sanders and A. Santoro and G. Savage and L. Sawyer and T. Scanlon and D. Schaile and R. D. Schamberger and Y. Scheglov and H. Schellman and T. Schliephake and C. Schwanenberger and A. Schwartzman and R. Schwienhorst and J. Sekaric and H. Severini and E. Shabalina and M. Shamim and V. Shary and A. A. Shchukin and R. K. Shivpuri and V. Siccardi and V. Simak and V. Sirotenko and P. Skubic and P. Slattery and D. Smirnov and G. R. Snow and J. Snow and S. Snyder and S. Söldner-Rembold and L. Sonnenschein and A. Sopczak and M. Sosebee and K. Soustruznik and B. Spurlock and J. Stark and J. Steele and V. Stolin and D. A. Stoyanova and J. Strandberg and S. Strandberg and M. A. Strang and E. Strauss and M. Strauss and R. Ströhmer and D. Strom and L. Stutte and S. Sumowidagdo and P. Svoisky and A. Sznajder and P. Tamburello and A. Tanasijczuk and W. Taylor and J. Temple and B. Tiller and F. Tissandier and M. Titov and V. V. Tokmenin and T. Toole and I. Torchiani and T. Trefzger and D. Tsybychev and B. Tuchming and C. Tully and P. M. Tuts and R. Unalan and L. Uvarov and S. Uvarov and S. Uzunyan and B. Vachon and P. J. Van Den Berg and R. Van Kooten and W. M. Van Leeuwen and N. Varelas and E. W. Varnes and I. A. Vasilyev and M. Vaupel and P. Verdier and L. S. Vertogradov and M. Verzocchi and F. Villeneuve-Seguier and P. Vint and P. Vokac and E. Von Toerne and M. Voutilainen and R. Wagner and H. D. Wahl and L. Wang and M. H.L.S. Wang and J. Warchol and G. Watts and M. Wayne and G. Weber and M. Weber and L. Welty-Rieger and A. Wenger and N. Wermes and M. Wetstein and A. White and D. Wicke and G. W. Wilson and S. J. Wimpenny and M. Wobisch and D. R. Wood and T. R. Wyatt and Y. Xie and S. Yacoob and R. Yamada and M. Yan and T. Yasuda and Y. A. Yatsunenko and K. Yip and H. D. Yoo and S. W. Youn and J. Yu and A. Zatserklyaniy and C. Zeitnitz and T. Zhao and B. Zhou and J. Zhu and M. Zielinski and D. Zieminska and A. Zieminski and L. Zivkovic and V. Zutshi and E. G. Zverev},
   doi = {10.1103/PhysRevLett.101.062001},
   issn = {10797114},
   issue = {6},
   journal = {Physical Review Letters},
   month = {8},
   publisher = {American Physical Society},
   title = {Measurement of the inclusive jet cross section in pp̄ collisions at s=1.96TeV},
   volume = {101},
   year = {2008},
}
@report{,
   abstract = {The statistics of small signals masked by a background of imprecisely known magnitude is addressed from a Bayesian viewpoint using a simple statistical model which may be derived from the principle of maximum entropy. The issue of the correct assignment of prior probabilities is resolved by invoking an invariance principle proposed by Jaynes. We calculate the posterior probability and use it to calculate point estimates and upper limits for the magnitude of the signal. The results are applicable to high-energy physics experiments searching for new phenomena. We illustrate this by reanalyzing some published data from a few experiments.},
   author = {Harrison Bertrand Prosper'},
   title = {Small-signal analysis in high-energy physics: A Bayesian approach},
   volume = {37},
}
@report{Prosper2004,
   abstract = {This note suggests how the calculation of limits based on the CL s method might be performed more efficiently.},
   author = {Harrison B Prosper},
   title = {Calculating CL s Limits},
   year = {2004},
}
@article{Gao2013,
   abstract = {We describe CIJET1.0, a Fortran program that aiming for the calculation of single-inclusive jet or dijet production cross sections induced by quark contact interactions from new physics at hadron colliders, up to next-to-leading order in QCD. It covers various contact interactions with different chiral and color structures. The code is designed in a way that could be used for fast calculations with arbitrary parton distribution functions based on interpolations of the QCD coupling constant and parton distribution functions.},
   author = {Jun Gao},
   doi = {10.1016/j.cpc.2013.05.019},
   month = {1},
   title = {CIJET: a program for computation of jet cross sections induced by quark contact interactions at hadron colliders},
   url = {http://arxiv.org/abs/1301.7263 http://dx.doi.org/10.1016/j.cpc.2013.05.019},
   year = {2013},
}
@article{Gao2011,
   abstract = {Recently, the CMS and ATLAS Collaborations at the CERN Large Hadron Collider (LHC) have set exclusion limits on the quark compositeness scale by comparing their data to the leading order and the scaled next-to-leading order (NLO) QCD calculations, respectively. In this Letter, we present the exact NLO QCD corrections to the dijet production induced by the quark contact interactions. We show that as compared to the exact calculation, the scaled NLO QCD prediction adopted by the ATLAS Collaboration has overestimated the new physics effect on some direct observables by more than 30% and renders a higher limit on the quark compositeness scale. The destructive contribution from the exact NLO correction will also lower the compositeness scale limit set by the CMS Collaboration.},
   author = {Jun Gao and Chong Sheng Li and Jian Wang and Hua Xing Zhu and C. -P. Yuan},
   doi = {10.1103/PhysRevLett.106.142001},
   month = {1},
   title = {Next-to-leading QCD effect to the quark compositeness search at the LHC},
   url = {http://arxiv.org/abs/1101.4611 http://dx.doi.org/10.1103/PhysRevLett.106.142001},
   year = {2011},
}
@article{Cousins2020,
   abstract = {Likelihood functions are ubiquitous in data analyses at the LHC and elsewhere in particle physics. Partly because "probability" and "likelihood" are virtual synonyms in everyday English, but crucially distinct in data analysis, there is great potential for confusion. Furthermore, each of various approaches to statistical inference (likelihoodist, Neyman-Pearson, Bayesian) uses the likelihood function in different ways. This note is intended to provide a brief introduction at the advanced undergraduate or beginning graduate student level, citing a few papers giving examples and containing numerous pointers to the vast literature on likelihood. The Likelihood Principle (routinely violated in particle physics analyses) is mentioned as an unresolved issue in the philosophical foundations of statistics.},
   author = {Robert D. Cousins},
   month = {10},
   title = {What is the likelihood function, and how is it used in particle physics?},
   url = {http://arxiv.org/abs/2010.00356},
   year = {2020},
}
@article{Abdallah2020,
   abstract = {We report on the status of efforts to improve the reinterpretation of searches and measurements at the LHC in terms of models for new physics, in the context of the LHC Reinterpretation Forum. We detail current experimental offerings in direct searches for new particles, measurements, technical implementations and Open Data, and provide a set of recommendations for further improving the presentation of LHC results in order to better enable reinterpretation in the future. We also provide a brief description of existing software reinterpretation frameworks and recent global analyses of new physics that make use of the current data.},
   author = {Waleed Abdallah and Shehu AbdusSalam and Azar Ahmadov and Amine Ahriche and Gaël Alguero and Benjamin C. Allanach and Jack Y. Araz and Alexandre Arbey and Chiara Arina and Peter Athron and Emanuele Bagnaschi and Yang Bai and Michael J. Baker and Csaba Balazs and Daniele Barducci and Philip Bechtle and Aoife Bharucha and Andy Buckley and Jonathan Butterworth and Haiying Cai and Claudio Campagnari and Cari Cesarotti and Marcin Chrzaszcz and Andrea Coccaro and Eric Conte and Jonathan M. Cornell and Louie D. Corpe and Matthias Danninger and Luc Darmé and Aldo Deandrea and Nishita Desai and Barry Dillon and Caterina Doglioni and Matthew J. Dolan and Juhi Dutta and John R. Ellis and Sebastian Ellis and Matthew Feickert and Nicolas Fernandez and Sylvain Fichet and Thomas Flacke and Benjamin Fuks and Achim Geiser and Marie Hélène Genest and Akshay Ghalsasi and Tomas Gonzalo and Mark Goodsell and Stefania Gori and Philippe Gras and Admir Greljo and Diego Guadagnoli and Sven Heinemeyer and Lukas A. Heinrich and Jan Heisig and Deog Ki Hong and Tetiana Hryn'ova and Katri Huitu and Philip Ilten and Ahmed Ismail and Adil Jueid and Felix Kahlhoefer and Jan Kalinowski and Jernej F. Kamenik and Deepak Kar and Yevgeny Kats and Charanjit K. Khosa and Valeri Khoze and Tobias Klingl and Pyungwon Ko and Kyoungchul Kong and Wojciech Kotlarski and Michael Krämer and Sabine Kraml and Suchita Kulkarni and Anders Kvellestad and Clemens Lange and Kati Lassila-Perini and Seung J. Lee and Andre Lessa and Zhen Liu and Lara Lloret Iglesias and Jeanette M. Lorenz and Danika MacDonell and Farvah Mahmoudi and Judita Mamuzic and Andrea C. Marini and Pete Markowitz and Pablo Martinez Ruiz del Arbol and David Miller and Vasiliki A. Mitsou and Stefano Moretti and Marco Nardecchia and Siavash Neshatpour and Dao Thi Nhung and Per Osland and Patrick H. Owen and Orlando Panella and Alexander Pankov and Myeonghun Park and Werner Porod and Darren D. Price and Harrison Prosper and Are Raklev and Jürgen Reuter and Humberto Reyes-González and Thomas Rizzo and Tania Robens and Juan Rojo and Janusz Andrzej Rosiek and Oleg Ruchayskiy and Veronica Sanz and Kai Schmidt-Hoberg and Pat Scott and Sezen Sekmen and Dipan Sengupta and Elizabeth Sexton-Kennedy and Hua Sheng Shao and Seodong Shin and Luca Silvestrini and Ritesh Singh and Sukanya Sinha and Jory Sonneveld and Tim Stefaniak and Yotam Soreq and Giordon H. Stark and Jesse Thaler and Riccardo Torre and Emilio Torrente-Lujan and Gokhan Unel and Natascia Vignaroli and Wolfgang Waltenberger and Nicholas Wardle and Graeme Watt and Georg Weiglein and Martin J. White and Sophie L. Williamson and Jonas Wittbrodt and Lei Wu and Stefan Wunsch and Tevong You and Yang Zhang and José Zurita},
   doi = {10.21468/SCIPOSTPHYS.9.2.022},
   issn = {25424653},
   issue = {2},
   journal = {SciPost Physics},
   pages = {1-45},
   publisher = {SciPost Foundation},
   title = {Reinterpretation of LHC results for new physics: Status and recommendations after run 2},
   volume = {9},
   year = {2020},
}
@report{,
   abstract = {I survey several multivariate methods of interest to physicists and explore to what extent each can be viewed as an algorithm to approximate the same mathematical object, namely, the Bayes discriminant function.},
   author = {Harrison B Prosper},
   title = {MULTIVARIATE METHODS A Unified Perspective},
}
@article{Cranmer2021,
   abstract = {The statistical models used to derive the results of experimental analyses are of incredible scientific value and are essential information for analysis preservation and reuse. In this paper, we make the scientific case for systematically publishing the full statistical models and discuss the technical developments that make this practical. By means of a variety of physics cases -- including parton distribution functions, Higgs boson measurements, effective field theory interpretations, direct searches for new physics, heavy flavor physics, direct dark matter detection, world averages, and beyond the Standard Model global fits -- we illustrate how detailed information on the statistical modelling can enhance the short- and long-term impact of experimental results.},
   author = {Kyle Cranmer and Sabine Kraml and Harrison B. Prosper and Philip Bechtle and Florian U. Bernlochner and Itay M. Bloch and Enzo Canonero and Marcin Chrzaszcz and Andrea Coccaro and Jan Conrad and Glen Cowan and Matthew Feickert and Nahuel Ferreiro Iachellini and Andrew Fowlie and Lukas Heinrich and Alexander Held and Thomas Kuhr and Anders Kvellestad and Maeve Madigan and Farvah Mahmoudi and Knut Dundas Morå and Mark S. Neubauer and Maurizio Pierini and Juan Rojo and Sezen Sekmen and Luca Silvestrini and Veronica Sanz and Giordon Stark and Riccardo Torre and Robert Thorne and Wolfgang Waltenberger and Nicholas Wardle and Jonas Wittbrodt},
   doi = {10.21468/SciPostPhys.12.1.037},
   month = {9},
   title = {Publishing statistical models: Getting the most out of particle physics experiments},
   url = {http://arxiv.org/abs/2109.04981 http://dx.doi.org/10.21468/SciPostPhys.12.1.037},
   year = {2021},
}
@article{,
   abstract = {We investigate the impact of the high precision ATLAS and CMS 7 TeV measurements of inclusive jet production on the MMHT global PDF analysis at next-to-next-to-leading order (NNLO). This is made possible by the recent completion of the long-term project to calculate the NNLO corrections to the hard cross section. We find that a good description of the ATLAS data is not possible with the default treatment of experimental systematic errors, and propose a simplified solution that retains the dominant physical information of the data. We then investigate the fit quality and the impact on the gluon PDF central value and uncertainty when the ATLAS and CMS data are included in a MMHT fit. We consider both common choices for the factorization and renormalization scale, namely the inclusive jet transverse momentum, p⊥, and the leading jet p⊥, as well as the different jet radii for which the ATLAS and CMS data are made available. We find that the impact of these data on the gluon is relatively insensitive to these inputs, in particular the scale choice, while the inclusion of NNLO corrections tends to improve the data description somewhat and has a qualitatively similar though not identical impact on the gluon in comparison to NLO.},
   author = {L. A. Harland-Lang and A. D. Martin and R. S. Thorne},
   doi = {10.1140/epjc/s10052-018-5710-7},
   issn = {14346052},
   issue = {3},
   journal = {European Physical Journal C},
   month = {3},
   publisher = {Springer New York LLC},
   title = {The impact of LHC jet data on the MMHT PDF fit at NNLO},
   volume = {78},
   year = {2018},
}
@article{Kogler2018,
   abstract = {Jet substructure has emerged to play a central role at the Large Hadron Collider, where it has provided numerous innovative ways to search for new physics and to probe the Standard Model, particularly in extreme regions of phase space. In this article we focus on a review of the development and use of state-of-the-art jet substructure techniques by the ATLAS and CMS experiments.},
   author = {Roman Kogler and Benjamin Nachman and Alexander Schmidt and Lily Asquith and Mario Campanelli and Chris Delitzsch and Philip Harris and Andreas Hinzmann and Deepak Kar and Christine McLean and Justin Pilot and Yuta Takahashi and Nhan Tran and Caterina Vernieri and Marcel Vos and Emma Winkels},
   doi = {10.1103/RevModPhys.91.045003},
   month = {3},
   title = {Jet Substructure at the Large Hadron Collider: Experimental Review},
   url = {http://arxiv.org/abs/1803.06991 http://dx.doi.org/10.1103/RevModPhys.91.045003},
   year = {2018},
}
@article{Chatrchyan2011,
   abstract = {The inclusive jet cross section is measured in pp collisions with a center-of-mass energy of 7 TeV at the Large Hadron Collider using the CMS experiment. The data sample corresponds to an integrated luminosity of 34pb -1. The measurement is made for jet transverse momenta in the range 18-1100 GeV and for absolute values of rapidity less than 3. The measured cross section extends to the highest values of jet pT ever observed and, within the experimental and theoretical uncertainties, is generally in agreement with next-to-leading-order perturbative QCD predictions. © 2011 CERN, for the CMS Collaboration. Published by the American Physical Society under the terms of the uri xlink:href=http://creativecommons.org/licenses/by/3.0/ Creative Commons Attribution 3.0 License. Further distribution of this work must maintain attribution to the author(s) and the published article's title, journal citation, and DOI.},
   author = {S. Chatrchyan and V. Khachatryan and A. M. Sirunyan and A. Tumasyan and W. Adam and T. Bergauer and M. Dragicevic and J. Erö and C. Fabjan and M. Friedl and R. Frühwirth and V. M. Ghete and J. Hammer and S. Hänsel and M. Hoch and N. Hörmann and J. Hrubec and M. Jeitler and W. Kiesenhofer and M. Krammer and D. Liko and I. Mikulec and M. Pernicka and H. Rohringer and R. Schöfbeck and J. Strauss and A. Taurok and F. Teischinger and P. Wagner and W. Waltenberger and G. Walzel and E. Widl and C. E. Wulz and V. Mossolov and N. Shumeiko and J. Suarez Gonzalez and S. Bansal and L. Benucci and E. A. De Wolf and X. Janssen and J. Maes and T. Maes and L. Mucibello and S. Ochesanu and B. Roland and R. Rougny and M. Selvaggi and H. Van Haevermaet and P. Van Mechelen and N. Van Remortel and F. Blekman and S. Blyweert and J. D'hondt and O. Devroede and R. Gonzalez Suarez and A. Kalogeropoulos and M. Maes and W. Van Doninck and P. Van Mulders and G. P. Van Onsem and I. Villella and O. Charaf and B. Clerbaux and G. De Lentdecker and V. Dero and A. P.R. Gay and G. H. Hammad and T. Hreus and P. E. Marage and L. Thomas and C. Vander Velde and P. Vanlaer and V. Adler and A. Cimmino and S. Costantini and M. Grunewald and B. Klein and J. Lellouch and A. Marinov and J. Mccartin and D. Ryckbosch and F. Thyssen and M. Tytgat and L. Vanelderen and P. Verwilligen and S. Walsh and N. Zaganidis and S. Basegmez and G. Bruno and J. Caudron and L. Ceard and E. Cortina Gil and J. De Favereau De Jeneret and C. Delaere and D. Favart and A. Giammanco and G. Grégoire and J. Hollar and V. Lemaitre and J. Liao and O. Militaru and S. Ovyn and D. Pagano and A. Pin and K. Piotrzkowski and N. Schul and N. Beliy and T. Caebergs and E. Daubie and G. A. Alves and D. De Jesus Damiao and M. E. Pol and M. H.G. Souza and W. Carvalho and E. M. Da Costa and C. De Oliveira Martins and S. Fonseca De Souza and L. Mundim and H. Nogima and V. Oguri and W. L. Prado Da Silva and A. Santoro and S. M. Silva Do Amaral and A. Sznajder and C. A. Bernardes and F. A. Dias and T. R. Fernandez Perez Tomei and E. M. Gregores and C. Lagana and F. Marinho and P. G. Mercadante and S. F. Novaes and Sandra S. Padula and N. Darmenov and L. Dimitrov and V. Genchev and P. Iaydjiev and S. Piperov and M. Rodozov and S. Stoykova and G. Sultanov and V. Tcholakov and R. Trayanov and I. Vankov and A. Dimitrov and R. Hadjiiska and A. Karadzhinova and V. Kozhuharov and L. Litov and M. Mateev and B. Pavlov and P. Petkov and J. G. Bian and G. M. Chen and H. S. Chen and C. H. Jiang and D. Liang and S. Liang and X. Meng and J. Tao and J. Wang and J. Wang and X. Wang and Z. Wang and H. Xiao and M. Xu and J. Zang and Z. Zhang and Y. Ban and S. Guo and Y. Guo and W. Li and Y. Mao and S. J. Qian and H. Teng and L. Zhang and B. Zhu and W. Zou and A. Cabrera and B. Gomez Moreno and A. A. Ocampo Rios and A. F. Osorio Oliveros and J. C. Sanabria and N. Godinovic and D. Lelas and K. Lelas and R. Plestina and D. Polic and I. Puljak and Z. Antunovic and M. Dzelalija and V. Brigljevic and S. Duric and K. Kadija and S. Morovic and A. Attikis and M. Galanti and J. Mousa and C. Nicolaou and F. Ptochos and P. A. Razis and M. Finger and M. Finger and Y. Assran and S. Khalil and M. A. Mahmoud and A. Hektor and M. Kadastik and M. Müntel and M. Raidal and L. Rebane and V. Azzolini and P. Eerola and G. Fedi and S. Czellar and J. Härkönen and A. Heikkinen and V. Karimäki and R. Kinnunen and M. J. Kortelainen and T. Lampén and K. Lassila-Perini and S. Lehti and T. Lindén and P. Luukka and T. Mäenpää and E. Tuominen and J. Tuominiemi and E. Tuovinen and D. Ungaro and L. Wendland and K. Banzuzi and A. Korpela and T. Tuuva and D. Sillou and M. Besancon and S. Choudhury and M. Dejardin and D. Denegri and B. Fabbro and J. L. Faure and F. Ferri and S. Ganjour and F. X. Gentit and A. Givernaud and P. Gras and G. Hamel De Monchenault and P. Jarry and E. Locci and J. Malcles and M. Marionneau and L. Millischer and J. Rander and A. Rosowsky and I. Shreyber and M. Titov and P. Verrecchia and S. Baffioni and F. Beaudette and L. Benhabib and L. Bianchini and M. Bluj and C. Broutin and P. Busson and C. Charlot and T. Dahms and L. Dobrzynski and S. Elgammal and R. Granier De Cassagnac and M. Haguenauer and P. Miné and C. Mironov and C. Ochando and P. Paganini and D. Sabes and R. Salerno and Y. Sirois and C. Thiebaux and B. Wyslouch and A. Zabi and J. L. Agram and J. Andrea and D. Bloch and D. Bodin and J. M. Brom and M. Cardaci and E. C. Chabert and C. Collard and E. Conte and F. Drouhin and C. Ferro and J. C. Fontaine and D. Gelé and U. Goerlach and S. Greder and P. Juillot and M. Karim and A. C. Le Bihan and Y. Mikami and P. Van Hove and F. Fassi and D. Mercier and C. Baty and S. Beauceron and N. Beaupere and M. Bedjidian and O. Bondu and G. Boudoul and D. Boumediene and H. Brun and J. Chasserat and R. Chierici and D. Contardo and P. Depasse and H. El Mamouni and J. Fay and S. Gascon and B. Ille and T. Kurca and T. Le Grand and M. Lethuillier and L. Mirabito and S. Perries and V. Sordini and S. Tosi and Y. Tschudi and P. Verdier and D. Lomidze and G. Anagnostou and M. Edelhoff and L. Feld and N. Heracleous and O. Hindrichs and R. Jussen and K. Klein and J. Merz and N. Mohr and A. Ostapchuk and A. Perieanu and F. Raupach and J. Sammet and S. Schael and D. Sprenger and H. Weber and M. Weber and B. Wittmer and M. Ata and W. Bender and E. Dietz-Laursonn and M. Erdmann and J. Frangenheim and T. Hebbeker and A. Hinzmann and K. Hoepfner and T. Klimkovich and D. Klingebiel and P. Kreuzer and D. Lanske and C. Magass and M. Merschmeyer and A. Meyer and P. Papacz and H. Pieta and H. Reithler and S. A. Schmitz and L. Sonnenschein and J. Steggemann and D. Teyssier and M. Bontenackels and M. Davids and M. Duda and G. Flügge and H. Geenen and M. Giffels and W. Haj Ahmad and D. Heydhausen and T. Kress and Y. Kuessel and A. Linn and A. Nowack and L. Perchalla and O. Pooth and J. Rennefeld and P. Sauerland and A. Stahl and M. Thomas and D. Tornier and M. H. Zoeller and M. Aldaya Martin and W. Behrenhoff and U. Behrens and M. Bergholz and A. Bethani and K. Borras and A. Cakir and A. Campbell and E. Castro and D. Dammann and G. Eckerlin and D. Eckstein and A. Flossdorf and G. Flucke and A. Geiser and J. Hauk and H. Jung and M. Kasemann and I. Katkov and P. Katsas and C. Kleinwort and H. Kluge and A. Knutsson and M. Krämer and D. Krücker and E. Kuznetsova and W. Lange and W. Lohmann and R. Mankel and M. Marienfeld and I. A. Melzer-Pellmann and A. B. Meyer and J. Mnich and A. Mussgiller and J. Olzem and D. Pitzl and A. Raspereza and A. Raval and M. Rosin and R. Schmidt and T. Schoerner-Sadenius and N. Sen and A. Spiridonov and M. Stein and J. Tomaszewska and R. Walsh and C. Wissing and C. Autermann and V. Blobel and S. Bobrovskyi and J. Draeger and H. Enderle and U. Gebbert and K. Kaschube and G. Kaussen and R. Klanner and J. Lange and B. Mura and S. Naumann-Emme and F. Nowak and N. Pietsch and C. Sander and H. Schettler and P. Schleper and M. Schröder and T. Schum and J. Schwandt and H. Stadie and G. Steinbrück and J. Thomsen and C. Barth and J. Bauer and V. Buege and T. Chwalek and W. De Boer and A. Dierlamm and G. Dirkes and M. Feindt and J. Gruschke and C. Hackstein and F. Hartmann and M. Heinrich and H. Held and K. H. Hoffmann and S. Honc and J. R. Komaragiri and T. Kuhr and D. Martschei and S. Mueller and Th Müller and M. Niegel and O. Oberst and A. Oehler and J. Ott and T. Peiffer and G. Quast and K. Rabbertz and F. Ratnikov and N. Ratnikova and M. Renz and C. Saout and A. Scheurer and P. Schieferdecker and F. P. Schilling and G. Schott and H. J. Simonis and F. M. Stober and D. Troendle and J. Wagner-Kuhr and T. Weiler and M. Zeise and V. Zhukov and E. B. Ziebarth and G. Daskalakis and T. Geralis and S. Kesisoglou and A. Kyriakis and D. Loukas and I. Manolakos and A. Markou and C. Markou and C. Mavrommatis and E. Ntomari and E. Petrakou and L. Gouskos and T. J. Mertzimekis and A. Panagiotou and E. Stiliaris and I. Evangelou and C. Foudas and P. Kokkas and N. Manthos and I. Papadopoulos and V. Patras and F. A. Triantis and A. Aranyi and G. Bencze and L. Boldizsar and C. Hajdu and P. Hidas and D. Horvath and A. Kapusi and K. Krajczar and F. Sikler and G. I. Veres and G. Vesztergombi and N. Beni and J. Molnar and J. Palinkas and Z. Szillasi and V. Veszpremi and P. Raics and Z. L. Trocsanyi and B. Ujvari and S. B. Beri and V. Bhatnagar and N. Dhingra and R. Gupta and M. Jindal and M. Kaur and J. M. Kohli and M. Z. Mehta and N. Nishu and L. K. Saini and A. Sharma and A. P. Singh and J. B. Singh and S. P. Singh and S. Ahuja and S. Bhattacharya and B. C. Choudhary and B. Gomber and P. Gupta and S. Jain and S. Jain and R. Khurana and A. Kumar and M. Naimuddin and K. Ranjan and R. K. Shivpuri and R. K. Choudhury and D. Dutta and S. Kailas and V. Kumar and P. Mehta and A. K. Mohanty and L. M. Pant and P. Shukla and T. Aziz and M. Guchait and A. Gurtu and M. Maity and D. Majumder and G. Majumder and K. Mazumdar and G. B. Mohanty and A. Saha and K. Sudhakar and N. Wickramage and S. Banerjee and S. Dugad and N. K. Mondal and H. Arfaei and H. Bakhshiansohi and S. M. Etesami and A. Fahim and M. Hashemi and A. Jafari and M. Khakzad and A. Mohammadi and M. Mohammadi Najafabadi and S. Paktinat Mehdiabadi and B. Safarzadeh and M. Zeinali and M. Abbrescia and L. Barbone and C. Calabria and A. Colaleo and D. Creanza and N. De Filippis and M. De Palma and L. Fiore and G. Iaselli and L. Lusito and G. Maggi and M. Maggi and N. Manna and B. Marangelli and S. My and S. Nuzzo and N. Pacifico and G. A. Pierro and A. Pompili and G. Pugliese and F. Romano and G. Roselli and G. Selvaggi and L. Silvestris and R. Trentadue and S. Tupputi and G. Zito and G. Abbiendi and A. C. Benvenuti and D. Bonacorsi and S. Braibant-Giacomelli and L. Brigliadori and P. Capiluppi and A. Castro and F. R. Cavallo and M. Cuffiani and G. M. Dallavalle and F. Fabbri and A. Fanfani and D. Fasanella and P. Giacomelli and M. Giunta and C. Grandi and S. Marcellini and G. Masetti and M. Meneghelli and A. Montanari and F. L. Navarria and F. Odorici and A. Perrotta and F. Primavera and A. M. Rossi and T. Rovelli and G. Siroli and R. Travaglini and S. Albergo and G. Cappello and M. Chiorboli and S. Costa and A. Tricomi and C. Tuve and G. Barbagli and V. Ciulli and C. Civinini and R. D'alessandro and E. Focardi and S. Frosali and E. Gallo and S. Gonzi and P. Lenzi and M. Meschini and S. Paoletti and G. Sguazzoni and A. Tropiano and L. Benussi and S. Bianco and S. Colafranceschi and F. Fabbri and D. Piccolo and P. Fabbricatore and R. Musenich and A. Benaglia and F. De Guio and L. Di Matteo and S. Gennai and A. Ghezzi and S. Malvezzi and A. Martelli and A. Massironi and D. Menasce and L. Moroni and M. Paganoni and D. Pedrini and S. Ragazzi and N. Redaelli and S. Sala and T. Tabarelli De Fatis and S. Buontempo and C. A. Carrillo Montoya and N. Cavallo and A. De Cosa and F. Fabozzi and A. O.M. Iorio and L. Lista and M. Merola and P. Paolucci and P. Azzi and N. Bacchetta and P. Bellan and D. Bisello and A. Branca and R. Carlin and P. Checchia and M. De Mattia and T. Dorigo and U. Dosselli and F. Fanzago and F. Gasparini and U. Gasparini and A. Gozzelino and S. Lacaprara and I. Lazzizzera and M. Margoni and M. Mazzucato and A. T. Meneguzzo and M. Nespolo and L. Perrozzi and N. Pozzobon and P. Ronchese and F. Simonetto and E. Torassa and M. Tosi and S. Vanini and P. Zotto and G. Zumerle and P. Baesso and U. Berzano and S. P. Ratti and C. Riccardi and P. Torre and P. Vitulo and C. Viviani and M. Biasini and G. M. Bilei and B. Caponeri and L. Fanò and P. Lariccia and A. Lucaroni and G. Mantovani and M. Menichelli and A. Nappi and F. Romeo and A. Santocchia and S. Taroni and M. Valdata and P. Azzurri and G. Bagliesi and J. Bernardini and T. Boccali and G. Broccolo and R. Castaldi and R. T. D'agnolo and R. Dell'orso and F. Fiori and L. Foà and A. Giassi and A. Kraan and F. Ligabue and T. Lomtadze and L. Martini and A. Messineo and F. Palla and G. Segneri and A. T. Serban and P. Spagnolo and R. Tenchini and G. Tonelli and A. Venturi and P. G. Verdini and L. Barone and F. Cavallari and D. Del Re and E. Di Marco and M. Diemoz and D. Franci and M. Grassi and E. Longo and S. Nourbakhsh and G. Organtini and F. Pandolfi and R. Paramatti and S. Rahatlou and C. Rovelli and N. Amapane and R. Arcidiacono and S. Argiro and M. Arneodo and C. Biino and C. Botta and N. Cartiglia and R. Castello and M. Costa and N. Demaria and A. Graziano and C. Mariotti and M. Marone and S. Maselli and E. Migliore and G. Mila and V. Monaco and M. Musich and M. M. Obertino and N. Pastrone and M. Pelliccioni and A. Romero and M. Ruspa and R. Sacchi and V. Sola and A. Solano and A. Staiano and A. Vilela Pereira and S. Belforte and F. Cossutti and G. Della Ricca and B. Gobbo and D. Montanino and A. Penzo and S. G. Heo and S. K. Nam and S. Chang and J. Chung and D. H. Kim and G. N. Kim and J. E. Kim and D. J. Kong and H. Park and S. R. Ro and D. Son and D. C. Son and T. Son and Zero Kim and J. Y. Kim and S. Song and S. Choi and B. Hong and M. S. Jeong and M. Jo and H. Kim and J. H. Kim and T. J. Kim and K. S. Lee and D. H. Moon and S. K. Park and H. B. Rhee and E. Seo and S. Shin and K. S. Sim and M. Choi and S. Kang and H. Kim and C. Park and I. C. Park and S. Park and G. Ryu and Y. Choi and Y. K. Choi and J. Goh and M. S. Kim and E. Kwon and J. Lee and S. Lee and H. Seo and I. Yu and M. J. Bilinskas and I. Grigelionis and M. Janulis and D. Martisiute and P. Petrov and T. Sabonis and H. Castilla-Valdez and E. De La Cruz-Burelo and I. Heredia-De La Cruz and R. Lopez-Fernandez and R. Magaña Villalba and A. Sánchez-Hernández and L. M. Villasenor-Cendejas and S. Carrillo Moreno and F. Vazquez Valencia and H. A. Salazar Ibarguen and E. Casimiro Linares and A. Morelos Pineda and M. A. Reyes-Santos and D. Krofcheck and J. Tam and C. H. Yiu and P. H. Butler and R. Doesburg and H. Silverwood and M. Ahmad and I. Ahmed and M. I. Asghar and H. R. Hoorani and W. A. Khan and T. Khurshid and S. Qazi and G. Brona and M. Cwiok and W. Dominik and K. Doroba and A. Kalinowski and M. Konecki and J. Krolikowski and T. Frueboes and R. Gokieli and M. Górski and M. Kazana and K. Nawrocki and K. Romanowska-Rybinska and M. Szleper and G. Wrochna and P. Zalewski and N. Almeida and P. Bargassa and A. David and P. Faccioli and P. G. Ferreira Parracho and M. Gallinaro and P. Musella and A. Nayak and P. Q. Ribeiro and J. Seixas and J. Varela and I. Belotelov and P. Bunin and I. Golutvin and A. Kamenev and V. Karjavin and V. Konoplyanikov and G. Kozlov and A. Lanev and P. Moisenz and V. Palichik and V. Perelygin and S. Shmatov and V. Smirnov and A. Volodko and A. Zarubin and V. Golovtsov and Y. Ivanov and V. Kim and P. Levchenko and V. Murzin and V. Oreshkin and I. Smirnov and V. Sulimov and L. Uvarov and S. Vavilov and A. Vorobyev and A. Vorobyev and Yu Andreev and A. Dermenev and S. Gninenko and N. Golubev and M. Kirsanov and N. Krasnikov and V. Matveev and A. Pashenkov and A. Toropin and S. Troitsky and V. Epshteyn and V. Gavrilov and V. Kaftanov and M. Kossov and A. Krokhotin and N. Lychkovskaya and V. Popov and G. Safronov and S. Semenov and V. Stolin and E. Vlasov and A. Zhokin and E. Boos and M. Dubinin and L. Dudko and A. Ershov and A. Gribushin and O. Kodolova and I. Lokhtin and A. Markina and S. Obraztsov and M. Perfilov and S. Petrushanko and L. Sarycheva and V. Savrin and A. Snigirev and V. Andreev and M. Azarkin and I. Dremin and M. Kirakosyan and A. Leonidov and S. V. Rusakov and A. Vinogradov and I. Azhgirey and S. Bitioukov and V. Grishin and V. Kachanov and D. Konstantinov and A. Korablev and V. Krychkine and V. Petrov and R. Ryutin and S. Slabospitsky and A. Sobol and L. Tourtchanovitch and S. Troshin and N. Tyurin and A. Uzunian and A. Volkov and P. Adzic and M. Djordjevic and D. Krpic and J. Milosevic and M. Aguilar-Benitez and J. Alcaraz Maestre and P. Arce and C. Battilana and E. Calvo and M. Cepeda and M. Cerrada and M. Chamizo Llatas and N. Colino and B. De La Cruz and A. Delgado Peris and C. Diez Pardos and D. Domínguez Vázquez and C. Fernandez Bedoya and J. P. Fernández Ramos and A. Ferrando and J. Flix and M. C. Fouz and P. Garcia-Abia and O. Gonzalez Lopez and S. Goy Lopez and J. M. Hernandez and M. I. Josa and G. Merino and J. Puerta Pelayo and I. Redondo and L. Romero and J. Santaolalla and M. S. Soares and C. Willmott and C. Albajar and G. Codispoti and J. F. De Trocóniz and J. Cuevas and J. Fernandez Menendez and S. Folgueras and I. Gonzalez Caballero and L. Lloret Iglesias and J. M. Vizan Garcia and J. A. Brochero Cifuentes and I. J. Cabrillo and A. Calderon and S. H. Chuang and J. Duarte Campderros and M. Felcini and M. Fernandez and G. Gomez and J. Gonzalez Sanchez and C. Jorda and P. Lobelle Pardo and A. Lopez Virto and J. Marco and R. Marco and C. Martinez Rivero and F. Matorras and F. J. Munoz Sanchez and J. Piedra Gomez and T. Rodrigo and A. Y. Rodríguez-Marrero and A. Ruiz-Jimeno and L. Scodellaro and M. Sobron Sanudo and I. Vila and R. Vilar Cortabitarte and D. Abbaneo and E. Auffray and G. Auzinger and P. Baillon and A. H. Ball and D. Barney and A. J. Bell and D. Benedetti and C. Bernet and W. Bialas and P. Bloch and A. Bocci and S. Bolognesi and M. Bona and H. Breuker and K. Bunkowski and T. Camporesi and G. Cerminara and J. A. Coarasa Perez and B. Curé and D. D'enterria and A. De Roeck and S. Di Guida and N. Dupont-Sagorin and A. Elliott-Peisert and B. Frisch and W. Funk and A. Gaddi and G. Georgiou and H. Gerwig and D. Gigi and K. Gill and D. Giordano and F. Glege and R. Gomez-Reino Garrido and M. Gouzevitch and P. Govoni and S. Gowdy and L. Guiducci and M. Hansen and C. Hartl and J. Harvey and J. Hegeman and B. Hegner and H. F. Hoffmann and A. Honma and V. Innocente and P. Janot and K. Kaadze and E. Karavakis and P. Lecoq and C. Lourenço and T. Mäki and M. Malberti and L. Malgeri and M. Mannelli and L. Masetti and A. Maurisset and F. Meijers and S. Mersi and E. Meschi and R. Moser and M. U. Mozer and M. Mulders and E. Nesvold and M. Nguyen and T. Orimoto and L. Orsini and E. Perez and A. Petrilli and A. Pfeiffer and M. Pierini and M. Pimiä and D. Piparo and G. Polese and A. Racz and J. Rodrigues Antunes and G. Rolandi and T. Rommerskirchen and M. Rovere and H. Sakulin and C. Schäfer and C. Schwick and I. Segoni and A. Sharma and P. Siegrist and M. Simon and P. Sphicas and M. Spiropulu and M. Stoye and M. Tadel and P. Tropea and A. Tsirou and P. Vichoudis and M. Voutilainen and W. D. Zeuner and W. Bertl and K. Deiters and W. Erdmann and K. Gabathuler and R. Horisberger and Q. Ingram and H. C. Kaestli and S. König and D. Kotlinski and U. Langenegger and F. Meier and D. Renker and T. Rohe and J. Sibille and A. Starodumov and P. Bortignon and L. Caminada and N. Chanon and Z. Chen and S. Cittolin and G. Dissertori and M. Dittmar and J. Eugster and K. Freudenreich and C. Grab and A. Hervé and W. Hintz and P. Lecomte and W. Lustermann and C. Marchica and P. Martinez Ruiz Del Arbol and P. Meridiani and P. Milenovic and F. Moortgat and C. Nägeli and P. Nef and F. Nessi-Tedaldi and L. Pape and F. Pauss and T. Punz and A. Rizzi and F. J. Ronga and M. Rossini and L. Sala and A. K. Sanchez and M. C. Sawley and B. Stieger and L. Tauscher and A. Thea and K. Theofilatos and D. Treille and C. Urscheler and R. Wallny and M. Weber and L. Wehrli and J. Weng and E. Aguiló and C. Amsler and V. Chiochia and S. De Visscher and C. Favaro and M. Ivova Rikova and B. Millan Mejias and P. Otiougova and C. Regenfus and P. Robmann and A. Schmidt and H. Snoek and Y. H. Chang and K. H. Chen and S. Dutta and C. M. Kuo and S. W. Li and W. Lin and Z. K. Liu and Y. J. Lu and D. Mekterovic and R. Volpe and J. H. Wu and S. S. Yu and P. Bartalini and P. Chang and Y. H. Chang and Y. W. Chang and Y. Chao and K. F. Chen and W. S. Hou and Y. Hsiung and K. Y. Kao and Y. J. Lei and R. S. Lu and J. G. Shiu and Y. M. Tzeng and M. Wang and A. Adiguzel and M. N. Bakirci and S. Cerci and C. Dozen and I. Dumanoglu and E. Eskut and S. Girgis and G. Gokbulut and I. Hos and E. E. Kangal and A. Kayis Topaksu and G. Onengut and K. Ozdemir and S. Ozturk and A. Polatoz and K. Sogut and D. Sunar Cerci and B. Tali and H. Topakli and D. Uzun and L. N. Vergili and M. Vergili and S. Yilmaz and I. V. Akin and T. Aliev and S. Bilmis and M. Deniz and H. Gamsizkan and A. M. Guler and K. Ocalan and A. Ozpineci and M. Serin and R. Sever and U. E. Surat and E. Yildirim and M. Zeyrek and M. Deliomeroglu and D. Demir and E. Gülmez and B. Isildak and M. Kaya and O. Kaya and S. Ozkorucuklu and N. Sonmez and L. Levchuk and F. Bostock and J. J. Brooke and T. L. Cheng and E. Clement and D. Cussans and R. Frazier and J. Goldstein and M. Grimes and M. Hansen and D. Hartley and G. P. Heath and H. F. Heath and L. Kreczko and S. Metson and D. M. Newbold and K. Nirunpong and A. Poll and S. Senkin and V. J. Smith and S. Ward and L. Basso and K. W. Bell and A. Belyaev and C. Brew and R. M. Brown and B. Camanzi and D. J.A. Cockerill and J. A. Coughlan and K. Harder and S. Harper and J. Jackson and B. W. Kennedy and E. Olaiya and D. Petyt and B. C. Radburn-Smith and C. H. Shepherd-Themistocleous and I. R. Tomalin and W. J. Womersley and S. D. Worm and R. Bainbridge and G. Ball and J. Ballin and R. Beuselinck and O. Buchmuller and D. Colling and N. Cripps and M. Cutajar and G. Davies and M. Della Negra and W. Ferguson and J. Fulcher and D. Futyan and A. Gilbert and A. Guneratne Bryer and G. Hall and Z. Hatherell and J. Hays and G. Iles and M. Jarvis and G. Karapostoli and L. Lyons and B. C. Macevoy and A. M. Magnan and J. Marrouche and B. Mathias and R. Nandi and J. Nash and A. Nikitenko and A. Papageorgiou and M. Pesaresi and K. Petridis and M. Pioppi and D. M. Raymond and S. Rogerson and N. Rompotis and A. Rose and M. J. Ryan and C. Seez and P. Sharp and A. Sparrow and A. Tapper and S. Tourneur and M. Vazquez Acosta and T. Virdee and S. Wakefield and N. Wardle and D. Wardrope and T. Whyntie and M. Barrett and M. Chadwick and J. E. Cole and P. R. Hobson and A. Khan and P. Kyberd and D. Leslie and W. Martin and I. D. Reid and L. Teodorescu and K. Hatakeyama and H. Liu and T. Bose and E. Carrera Jarrin and C. Fantasia and A. Heister and J. St. John and P. Lawson and D. Lazic and J. Rohlf and D. Sperka and L. Sulak and A. Avetisyan and S. Bhattacharya and J. P. Chou and D. Cutts and A. Ferapontov and U. Heintz and S. Jabeen and G. Kukartsev and G. Landsberg and M. Luk and M. Narain and D. Nguyen and M. Segala and T. Sinthuprasith and T. Speer and K. V. Tsang and R. Breedon and M. Calderon De La Barca Sanchez and S. Chauhan and M. Chertok and J. Conway and P. T. Cox and J. Dolen and R. Erbacher and E. Friis and W. Ko and A. Kopecky and R. Lander and H. Liu and S. Maruyama and T. Miceli and M. Nikolic and D. Pellett and J. Robles and S. Salur and T. Schwarz and M. Searle and J. Smith and M. Squires and M. Tripathi and R. Vasquez Sierra and C. Veelken and V. Andreev and K. Arisaka and D. Cline and R. Cousins and A. Deisher and J. Duris and S. Erhan and C. Farrell and J. Hauser and M. Ignatenko and C. Jarvis and C. Plager and G. Rakness and P. Schlein and J. Tucker and V. Valuev and J. Babb and A. Chandra and R. Clare and J. Ellison and J. W. Gary and F. Giordano and G. Hanson and G. Y. Jeng and S. C. Kao and F. Liu and H. Liu and O. R. Long and A. Luthra and H. Nguyen and B. C. Shen and R. Stringer and J. Sturdy and S. Sumowidagdo and R. Wilken and S. Wimpenny and W. Andrews and J. G. Branson and G. B. Cerati and E. Dusinberre and D. Evans and F. Golf and A. Holzner and R. Kelley and M. Lebourgeois and J. Letts and B. Mangano and S. Padhi and C. Palmer and G. Petrucciani and H. Pi and M. Pieri and R. Ranieri and M. Sani and V. Sharma and S. Simon and Y. Tu and A. Vartak and S. Wasserbaech and F. Würthwein and A. Yagil and J. Yoo and D. Barge and R. Bellan and C. Campagnari and M. D'alfonso and T. Danielson and K. Flowers and P. Geffert and J. Incandela and C. Justus and P. Kalavase and S. A. Koay and D. Kovalskyi and V. Krutelyov and S. Lowette and N. Mccoll and V. Pavlunin and F. Rebassoo and J. Ribnik and J. Richman and R. Rossin and D. Stuart and W. To and J. R. Vlimant and A. Apresyan and A. Bornheim and J. Bunn and Y. Chen and M. Gataullin and Y. Ma and A. Mott and H. B. Newman and C. Rogan and K. Shin and V. Timciuc and P. Traczyk and J. Veverka and R. Wilkinson and Y. Yang and R. Y. Zhu and B. Akgun and R. Carroll and T. Ferguson and Y. Iiyama and D. W. Jang and S. Y. Jun and Y. F. Liu and M. Paulini and J. Russ and H. Vogel and I. Vorobiev and J. P. Cumalat and M. E. Dinardo and B. R. Drell and C. J. Edelmaier and W. T. Ford and A. Gaz and B. Heyburn and E. Luiggi Lopez and U. Nauenberg and J. G. Smith and K. Stenson and K. A. Ulmer and S. R. Wagner and S. L. Zang and L. Agostino and J. Alexander and D. Cassel and A. Chatterjee and S. Das and N. Eggert and L. K. Gibbons and B. Heltsley and W. Hopkins and A. Khukhunaishvili and B. Kreis and G. Nicolas Kaufman and J. R. Patterson and D. Puigh and A. Ryd and E. Salvati and X. Shi and W. Sun and W. D. Teo and J. Thom and J. Thompson and J. Vaughan and Y. Weng and L. Winstrom and P. Wittich and A. Biselli and G. Cirino and D. Winn and S. Abdullin and M. Albrow and J. Anderson and G. Apollinari and M. Atac and J. A. Bakken and S. Banerjee and L. A.T. Bauerdick and A. Beretvas and J. Berryhill and P. C. Bhat and I. Bloch and F. Borcherding and K. Burkett and J. N. Butler and V. Chetluru and H. W.K. Cheung and F. Chlebana and S. Cihangir and W. Cooper and D. P. Eartly and V. D. Elvira and S. Esen and I. Fisk and J. Freeman and Y. Gao and E. Gottschalk and D. Green and K. Gunthoti and O. Gutsche and J. Hanlon and R. M. Harris and J. Hirschauer and B. Hooberman and H. Jensen and M. Johnson and U. Joshi and R. Khatiwada and B. Klima and K. Kousouris and S. Kunori and S. Kwan and C. Leonidopoulos and P. Limon and D. Lincoln and R. Lipton and J. Lykken and K. Maeshima and J. M. Marraffino and D. Mason and P. Mcbride and T. Miao and K. Mishra and S. Mrenna and Y. Musienko and C. Newman-Holmes and V. O'dell and R. Pordes and O. Prokofyev and N. Saoulidou and E. Sexton-Kennedy and S. Sharma and W. J. Spalding and L. Spiegel and P. Tan and L. Taylor and S. Tkaczyk and L. Uplegger and E. W. Vaandering and R. Vidal and J. Whitmore and W. Wu and F. Yang and F. Yumiceva and J. C. Yun and D. Acosta and P. Avery and D. Bourilkov and M. Chen and M. De Gruttola and G. P. Di Giovanni and D. Dobur and A. Drozdetskiy and R. D. Field and M. Fisher and Y. Fu and I. K. Furic and J. Gartner and B. Kim and J. Konigsberg and A. Korytov and A. Kropivnitskaya and T. Kypreos and K. Matchev and G. Mitselmakher and L. Muniz and C. Prescott and R. Remington and M. Schmitt and B. Scurlock and P. Sellers and N. Skhirtladze and M. Snowball and D. Wang and J. Yelton and M. Zakaria and C. Ceron and V. Gaultney and L. Kramer and L. M. Lebolo and S. Linn and P. Markowitz and G. Martinez and D. Mesa and J. L. Rodriguez and T. Adams and A. Askew and J. Bochenek and J. Chen and B. Diamond and S. V. Gleyzer and J. Haas and S. Hagopian and V. Hagopian and M. Jenkins and K. F. Johnson and H. Prosper and L. Quertenmont and S. Sekmen and V. Veeraraghavan and M. M. Baarmand and B. Dorney and S. Guragain and M. Hohlmann and H. Kalakhety and R. Ralich and I. Vodopiyanov and M. R. Adams and I. M. Anghel and L. Apanasevich and Y. Bai and V. E. Bazterra and R. R. Betts and J. Callner and R. Cavanaugh and C. Dragoiu and L. Gauthier and C. E. Gerber and S. Hamdan and D. J. Hofman and S. Khalatyan and G. J. Kunde and F. Lacroix and M. Malek and C. O'brien and C. Silvestre and A. Smoron and D. Strom and N. Varelas and U. Akgun and E. A. Albayrak and B. Bilki and W. Clarida and F. Duru and C. K. Lae and E. Mccliment and J. P. Merlo and H. Mermerkaya and A. Mestvirishvili and A. Moeller and J. Nachtman and C. R. Newsom and E. Norbeck and J. Olson and Y. Onel and F. Ozok and S. Sen and J. Wetzel and T. Yetkin and K. Yi and B. A. Barnett and B. Blumenfeld and A. Bonato and C. Eskew and D. Fehling and G. Giurgiu and A. V. Gritsan and Z. J. Guo and G. Hu and P. Maksimovic and S. Rappoccio and M. Swartz and N. V. Tran and A. Whitbeck and P. Baringer and A. Bean and G. Benelli and O. Grachov and R. P. Kenny and M. Murray and D. Noonan and S. Sanders and J. S. Wood and V. Zhukova and A. F. Barfuss and T. Bolton and I. Chakaberia and A. Ivanov and S. Khalil and M. Makouski and Y. Maravin and S. Shrestha and I. Svintradze and Z. Wan and J. Gronberg and D. Lange and D. Wright and A. Baden and M. Boutemeur and S. C. Eno and D. Ferencek and J. A. Gomez and N. J. Hadley and R. G. Kellogg and M. Kirn and Y. Lu and A. C. Mignerey and K. Rossato and P. Rumerio and F. Santanastasio and A. Skuja and J. Temple and M. B. Tonjes and S. C. Tonwar and E. Twedt and B. Alver and G. Bauer and J. Bendavid and W. Busza and E. Butz and I. A. Cali and M. Chan and V. Dutta and P. Everaerts and G. Gomez Ceballos and M. Goncharov and K. A. Hahn and P. Harris and Y. Kim and M. Klute and Y. J. Lee and W. Li and C. Loizides and P. D. Luckey and T. Ma and S. Nahn and C. Paus and D. Ralph and C. Roland and G. Roland and M. Rudolph and G. S.F. Stephans and F. Stöckli and K. Sumorok and K. Sung and E. A. Wenger and S. Xie and M. Yang and Y. Yilmaz and A. S. Yoon and M. Zanetti and S. I. Cooper and P. Cushman and B. Dahmes and A. De Benedetti and P. R. Dudero and G. Franzoni and J. Haupt and K. Klapoetke and Y. Kubota and J. Mans and V. Rekovic and R. Rusack and M. Sasseville and A. Singovsky and L. M. Cremaldi and R. Godang and R. Kroeger and L. Perera and R. Rahmat and D. A. Sanders and D. Summers and K. Bloom and S. Bose and J. Butt and D. R. Claes and A. Dominguez and M. Eads and J. Keller and T. Kelly and I. Kravchenko and J. Lazo-Flores and H. Malbouisson and S. Malik and G. R. Snow and U. Baur and A. Godshalk and I. Iashvili and S. Jain and A. Kharchilava and A. Kumar and S. P. Shipkowski and K. Smith and G. Alverson and E. Barberis and D. Baumgartel and O. Boeriu and M. Chasco and S. Reucroft and J. Swain and D. Trocino and D. Wood and J. Zhang and A. Anastassov and A. Kubik and N. Odell and R. A. Ofierzynski and B. Pollack and A. Pozdnyakov and M. Schmitt and S. Stoynev and M. Velasco and S. Won and L. Antonelli and D. Berry and M. Hildreth and C. Jessop and D. J. Karmgard and J. Kolb and T. Kolberg and K. Lannon and W. Luo and S. Lynch and N. Marinelli and D. M. Morse and T. Pearson and R. Ruchti and J. Slaunwhite and N. Valls and M. Wayne and J. Ziegler and B. Bylsma and L. S. Durkin and J. Gu and C. Hill and P. Killewald and K. Kotov and T. Y. Ling and M. Rodenburg and G. Williams and N. Adam and E. Berry and P. Elmer and D. Gerbaudo and V. Halyo and P. Hebda and A. Hunt and J. Jones and E. Laird and D. Lopes Pegna and D. Marlow and T. Medvedeva and M. Mooney and J. Olsen and P. Piroué and X. Quan and H. Saka and D. Stickland and C. Tully and J. S. Werner and A. Zuranski and J. G. Acosta and X. T. Huang and A. Lopez and H. Mendez and S. Oliveros and J. E. Ramirez Vargas and A. Zatserklyaniy and E. Alagoz and V. E. Barnes and G. Bolla and L. Borrello and D. Bortoletto and A. Everett and A. F. Garfinkel and L. Gutay and Z. Hu and M. Jones and O. Koybasi and M. Kress and A. T. Laasanen and N. Leonardo and C. Liu and V. Maroussov and P. Merkel and D. H. Miller and N. Neumeister and I. Shipsey and D. Silvers and A. Svyatkovskiy and H. D. Yoo and J. Zablocki and Y. Zheng and P. Jindal and N. Parashar and C. Boulahouache and V. Cuplov and K. M. Ecklund and F. J.M. Geurts and B. P. Padley and R. Redjimi and J. Roberts and J. Zabel and B. Betchart and A. Bodek and Y. S. Chung and R. Covarelli and P. De Barbaro and R. Demina and Y. Eshaq and H. Flacher and A. Garcia-Bellido and P. Goldenzweig and Y. Gotra and J. Han and A. Harel and D. C. Miner and D. Orbaker and G. Petrillo and D. Vishnevskiy and M. Zielinski and A. Bhatti and R. Ciesielski and L. Demortier and K. Goulianos and G. Lungu and S. Malik and C. Mesropian and M. Yan and O. Atramentov and A. Barker and D. Duggan and Y. Gershtein and R. Gray and E. Halkiadakis and D. Hidas and D. Hits and A. Lath and S. Panwalkar and R. Patel and A. Richards and K. Rose and S. Schnetzer and S. Somalwar and R. Stone and S. Thomas and G. Cerizza and M. Hollingsworth and S. Spanier and Z. C. Yang and A. York and R. Eusebi and J. Gilmore and A. Gurrola and T. Kamon and V. Khotilovich and R. Montalvo and I. Osipenkov and Y. Pakhotin and J. Pivarski and A. Safonov and S. Sengupta and A. Tatarinov and D. Toback and M. Weinberger and N. Akchurin and C. Bardak and J. Damgov and C. Jeong and K. Kovitanggoon and S. W. Lee and P. Mane and Y. Roh and A. Sill and I. Volobouev and R. Wigmans and E. Yazgan and E. Appelt and E. Brownson and D. Engh and C. Florez and W. Gabella and M. Issah and W. Johns and P. Kurt and C. Maguire and A. Melo and P. Sheldon and B. Snook and S. Tuo and J. Velkovska and M. W. Arenton and M. Balazs and S. Boutle and B. Cox and B. Francis and R. Hirosky and A. Ledovskoy and C. Lin and C. Neu and R. Yohay and S. Gollapinni and R. Harr and P. E. Karchin and P. Lamichhane and M. Mattson and C. Milstène and A. Sakharov and M. Anderson and M. Bachtis and J. N. Bellinger and D. Carlsmith and S. Dasu and J. Efron and K. Flood and L. Gray and K. S. Grogg and M. Grothe and R. Hall-Wilton and M. Herndon and P. Klabbers and J. Klukas and A. Lanaro and C. Lazaridis and J. Leonard and R. Loveless and A. Mohapatra and F. Palmonari and D. Reeder and I. Ross and A. Savin and W. H. Smith and J. Swanson and M. Weinberg},
   doi = {10.1103/PhysRevLett.107.132001},
   issn = {10797114},
   issue = {13},
   journal = {Physical Review Letters},
   month = {9},
   publisher = {American Physical Society},
   title = {Measurement of the inclusive jet cross section in pp collisions at √s=7TeV},
   volume = {107},
   year = {2011},
}
@article{Ethier2021,
   abstract = {We present a global interpretation of Higgs, diboson, and top quark production and decay measurements from the LHC in the framework of the Standard Model Effective Field Theory (SMEFT) at dimension six. We constrain simultaneously 36 independent directions in its parameter space, and compare the outcome of the global analysis with that from individual and two-parameter fits. Our results are obtained by means of state-of-the-art theoretical calculations for the SM and the EFT cross-sections, and account for both linear and quadratic corrections in the 1/Λ2 expansion. We demonstrate how the inclusion of NLO QCD and O(Λ−4) effects is instrumental to accurately map the posterior distributions associated to the fitted Wilson coefficients. We assess the interplay and complementarity between the top quark, Higgs, and diboson measurements, deploy a variety of statistical estimators to quantify the impact of each dataset in the parameter space, and carry out fits in BSM-inspired scenarios such as the top-philic model. Our results represent a stepping stone in the ongoing program of model-independent searches at the LHC from precision measurements, and pave the way towards yet more global SMEFT interpretations extended to other high-pT processes as well as to low-energy observables. [Figure not available: see fulltext.]},
   author = {Jacob J. Ethier and Giacomo Magni and Fabio Maltoni and Luca Mantani and Emanuele R. Nocera and Juan Rojo and Emma Slade and Eleni Vryonidou and Cen Zhang},
   doi = {10.1007/JHEP11(2021)089},
   issn = {10298479},
   issue = {11},
   journal = {Journal of High Energy Physics},
   keywords = {Beyond Standard Model,Effective Field Theories,Higgs Physics},
   month = {11},
   publisher = {Springer Science and Business Media Deutschland GmbH},
   title = {Combined SMEFT interpretation of Higgs, diboson, and top quark data from the LHC},
   volume = {2021},
   year = {2021},
}
