@misc{xFitterWorkshop,
   author = {Ali Al Kadhim},

   title = {Extracting the xFitter Likelihood},

url = {https://indico.ijclab.in2p3.fr/event/7847/contributions/25471/attachments/18431/24586/xFitter_Workshop2022_Alkadhim2_.pdf},
howpublished = {\url{https://indico.ijclab.in2p3.fr/event/7847/contributions/25471/attachments/18431/24586/xFitter_Workshop2022_Alkadhim2_.pdf}}
}

@misc{UL2017,
   author = {Ali Al Kadhim},
   title = {Ultra Legacy 2017 Prefiring Maps},
  url = "https://indico.ijclab.in2p3.fr/event/7847/contributions/25471/attachments/18431/24586/xFitter_Workshop2022_Alkadhim2_.pdf",
  howpublished = {\url{https://indico.ijclab.in2p3.fr/event/7847/contributions/25471/attachments/18431/24586/xFitter_Workshop2022_Alkadhim2_.pdf}}
}

@misc{L1DPG,
author = {Laurent Thomas},
title = {L1 prefiring in run 315705},
howpublished = {\url{https://lathomas.web.cern.ch/lathomas/L1Prefiring/l1prefiringrun315705.pdf}}
}



@misc{UL2018,
   author = {Ali Al Kadhim},
   title = {Ultra Legacy 2018 L1 Prefiring Maps},
howpublished = {\url{https://indico.cern.ch/event/1133830/contributions/4757791/attachments/2398918/4102127/L1DPG_UL2018PrefiringMaps.pdf}}
}

@misc{NickSmith,
author={Nick Smith},
title = {Status and plans for ECAL endcap prefiring studies, 2018},
howpublished = {\url{https://indico.cern.ch/event/734407/contributions/3049707/attachments/1676211/2691277/nsmith_PrefireReview_27June2018.pdf}}
}

@misc{weight_producer,
author = {Laurent Thomas},
title = {L1 Prefiring Weight Producer},
howpublished = {\url{https://twiki.cern.ch/twiki/bin/view/CMS/L1ECALPrefiringWeightRecipe}}
}




@misc{JETMET,
author = {CMS JETMETPOG},

howpublished = {\url{https://twiki.cern.ch/twiki/bin/view/CMS/JetMET}}
}


@misc{PDF_Uncertainty,
author = {Ali Al Kadhim},
title = {PDF Uncertainties and Extracting Likelihoods from xFitter},
howpublished = {\url{https://github.com/AliAlkadhim/PDF_Uncertainty/}}
}